@article{10.3389/fpsyg.2012.00356,
  title = {Who Does Well in Life? {{Conscientious}} Adults Excel in Both Objective and Subjective Success},
  author = {Duckworth, Angela and Weir, David and Tsukayama, Eli and Kwok, David},
  date = {2012},
  journaltitle = {Frontiers in Psychology},
  volume = {3},
  pages = {356},
  issn = {1664-1078},
  doi = {10.3389/fpsyg.2012.00356},
  url = {https://www.frontiersin.org/article/10.3389/fpsyg.2012.00356}
}

@article{10.3389/fpsyg.2020.01827,
  title = {Big Five Personality Traits Predict Successful Transitions from School to Vocational Education and Training: {{A}} Large-Scale Study},
  author = {Nießen, Désirée and Danner, Daniel and Spengler, Marion and Lechner, Clemens M.},
  date = {2020},
  journaltitle = {Frontiers in Psychology},
  volume = {11},
  pages = {1827},
  issn = {1664-1078},
  doi = {10.3389/fpsyg.2020.01827},
  url = {https://www.frontiersin.org/article/10.3389/fpsyg.2020.01827}
}

@article{aassveFirstGlanceBlack2021,
  title = {A First Glance into the Black Box of Life Satisfaction Surrounding Childbearing},
  author = {Aassve, Arnstein and Luppi, Francesca and Mencarini, Letizia},
  date = {2021-06-13},
  journaltitle = {Journal of Population Research},
  shortjournal = {Journal of Population Research},
  issn = {1835-9469},
  doi = {10.1007/s12546-021-09267-z},
  url = {https://doi.org/10.1007/s12546-021-09267-z}
}

@article{allemandLongtermCorrelatedChange2008a,
  title = {Long-Term Correlated Change in Personality Traits in Old Age.},
  author = {Allemand, Mathias and Zimprich, Daniel and Martin, Mike},
  date = {2008},
  journaltitle = {Psychology and Aging},
  volume = {23},
  number = {3},
  pages = {545--557},
  publisher = {{American Psychological Association}},
  location = {{US}},
  issn = {1939-1498(Electronic),0882-7974(Print)},
  doi = {10.1037/a0013239},
  keywords = {*Adult Development,*Aging,*Life Span,*Personality Change,*Personality Traits,Older Adulthood}
}

@article{anglimPredictingPsychologicalSubjective2020,
  title = {Predicting Psychological and Subjective Well-Being from Personality: {{A}} Meta-Analysis.},
  author = {Anglim, Jeromy and Horwood, Sharon and Smillie, Luke D. and Marrero, Rosario J. and Wood, Joshua K.},
  date = {2020},
  journaltitle = {Psychological Bulletin},
  volume = {146},
  number = {4},
  pages = {279--323},
  publisher = {{American Psychological Association}},
  location = {{US}},
  issn = {1939-1455(Electronic),0033-2909(Print)},
  doi = {10.1037/bul0000226},
  keywords = {*Five Factor Personality Model,*Personality,*Personality Measures,*Well Being,Conscientiousness,Extraversion,Life Satisfaction,Negative Emotions,Neuroticism,Positive Emotions,Self-Report}
}

@article{anusicDoesPersonalityModerate2014,
  title = {Does Personality Moderate Reaction and Adaptation to Major Life Events? {{Analysis}} of Life Satisfaction and Affect in an {{Australian}} National Sample},
  author = {Anusic, Ivana and Yap, Stevie and Lucas, Richard E.},
  date = {2014},
  journaltitle = {Journal of Research in Personality},
  volume = {51},
  pages = {69--77},
  issn = {0092-6566},
  doi = {10.1016/j.jrp.2014.04.009},
  keywords = {adaptation,happiness,life events,Life Experiences,life satisfaction,personality,subjective well being,Well Being}
}

@article{anusicStabilityChangePersonality2016,
  title = {Stability and Change of Personality Traits, Self-Esteem, and Well-Being: {{Introducing}} the Meta-Analytic Stability and Change Model of Retest Correlations},
  author = {Anusic, Ivana and Schimmack, Ulrich},
  date = {2016},
  journaltitle = {Journal of Personality and Social Psychology},
  volume = {110},
  number = {5},
  pages = {766--781},
  issn = {1939-1315(Electronic),0022-3514(Print)},
  doi = {10.1037/pspp0000066},
  keywords = {*Life Satisfaction,*Personality Traits,*Self-Esteem,Individual Differences,Well Being}
}

@article{anusicTestingSetpointTheory2014,
  title = {Testing Set-Point Theory in a {{Swiss}} National Sample: {{Reaction}} and Adaptation to Major Life Events},
  author = {Anusic, Ivana and Yap, Stevie and Lucas, Richard E.},
  date = {2014},
  journaltitle = {Social Indicators Research},
  volume = {119},
  number = {3},
  pages = {1265--1288},
  issn = {03038300},
  doi = {10.1007/s11205-013-0541-2},
  keywords = {Adaptation,ADAPTATION (Biology),EMOTIONS (Psychology),HAPPINESS,HOUSEHOLDS,LIFE change events,Life events,RESEARCH,Subjective well-being,SUBJECTIVE well-being (Psychology),Swiss Household Panel,SWITZERLAND}
}

@article{ardeltStillStableAll2000,
  title = {Still Stable after All These Years? {{Personality}} Stability Theory Revisited.},
  author = {Ardelt, Monika},
  date = {2000},
  journaltitle = {Social Psychology Quarterly},
  volume = {63},
  number = {4},
  pages = {392--405},
  publisher = {{American Sociological Assn}},
  location = {{US}},
  issn = {1939-8999(Electronic),0190-2725(Print)},
  doi = {10.2307/2695848},
  keywords = {*Emotional Stability,*Personality Change,*Personality Measures,Five Factor Personality Model}
}

@article{arpinoConsequencesDepressionCombining2020,
  title = {Consequences on Depression of Combining Grandparental Childcare with Other Caregiving Roles},
  author = {Arpino, Bruno and Gómez-León, Madelin},
  date = {2020-08-02},
  journaltitle = {Aging \& Mental Health},
  shortjournal = {null},
  volume = {24},
  number = {8},
  pages = {1263--1270},
  publisher = {{Routledge}},
  issn = {1360-7863},
  doi = {10.1080/13607863.2019.1584788},
  url = {https://doi.org/10.1080/13607863.2019.1584788}
}

@article{arpinoFamilyHistoriesDemography2018,
  title = {Family Histories and the Demography of Grandparenthood},
  author = {Arpino, Bruno and Gumà, Jordi and Julià, Albert},
  date = {2018-11-29},
  journaltitle = {Demographic Research},
  shortjournal = {Demographic Research},
  volume = {39},
  number = {42},
  pages = {1105--1150},
  issn = {1435-9871},
  doi = {10.4054/DemRes.2018.39.42}
}

@article{arpinoGrandparentingEducationSubjective2018,
  title = {Grandparenting, Education and Subjective Well-Being of Older {{Europeans}}},
  author = {Arpino, Bruno and Bordone, Valeria and Balbo, Nicoletta},
  date = {2018-09-01},
  journaltitle = {European Journal of Ageing},
  volume = {15},
  number = {3},
  pages = {251--263},
  issn = {1613-9380},
  doi = {10.1007/s10433-018-0467-2}
}

@article{arpinoJugglingGrandchildCare2022,
  title = {Juggling Grandchild Care and Labor Force Participation: {{The}} Effect on Psychological Wellbeing of Older Women},
  author = {Arpino, Bruno and Bellani, Daniela},
  date = {2022},
  journaltitle = {Frontiers in Sociology},
  shortjournal = {Frontiers in Sociology},
  volume = {6},
  issn = {2297-7775},
  url = {https://www.frontiersin.org/article/10.3389/fsoc.2021.806099}
}

@article{arpinoRegularProvisionGrandchild2017,
  title = {Regular Provision of Grandchild Care and Participation in Social Activities},
  author = {Arpino, Bruno and Bordone, Valeria},
  date = {2017-03-01},
  journaltitle = {Review of Economics of the Household},
  shortjournal = {Review of Economics of the Household},
  volume = {15},
  number = {1},
  pages = {135--174},
  issn = {1573-7152},
  doi = {10.1007/s11150-016-9322-4},
  url = {https://doi.org/10.1007/s11150-016-9322-4}
}

@article{arshadPracticalRecommendationsConsidering2022,
  title = {Practical Recommendations for Considering Culture, Race, and Ethnicity in Personality Psychology},
  author = {Arshad, Memoona and Chung, Joanne},
  date = {2022-01-12},
  journaltitle = {Social and Personality Psychology Compass},
  shortjournal = {Social and Personality Psychology Compass},
  volume = {16},
  doi = {10.1111/spc3.12656}
}

@article{ashtonEmpiricalTheoreticalPractical2007,
  title = {Empirical, Theoretical, and Practical Advantages of the {{HEXACO}} Model of Personality Structure},
  author = {Ashton, Michael C. and Lee, Kibeom},
  date = {2007-05-01},
  journaltitle = {Personality and Social Psychology Review},
  shortjournal = {Pers Soc Psychol Rev},
  volume = {11},
  number = {2},
  pages = {150--166},
  publisher = {{SAGE Publications Inc}},
  issn = {1088-8683},
  doi = {10.1177/1088868306294907},
  url = {https://doi.org/10.1177/1088868306294907},
  urldate = {2021-04-22}
}

@article{ashtonObjectionsHEXACOModel2020,
  title = {Objections to the {{HEXACO}} Model of Personality Structure—and Why Those Objections Fail},
  author = {Ashton, Michael C. and Lee, Kibeom},
  date = {2020-07-01},
  journaltitle = {European Journal of Personality},
  shortjournal = {Eur J Pers},
  volume = {34},
  number = {4},
  pages = {492--510},
  publisher = {{SAGE Publications Ltd}},
  issn = {0890-2070},
  doi = {10.1002/per.2242},
  url = {https://doi.org/10.1002/per.2242},
  urldate = {2021-06-22}
}

@article{asselmannPersonalityMaturationPersonality2021,
  title = {Personality Maturation and Personality Relaxation: {{Differences}} of the {{Big Five}} Personality Traits in the Years around the Beginning and Ending of Working Life},
  author = {Asselmann, Eva and Specht, Jule},
  date = {2021-04-19},
  journaltitle = {Journal of Personality},
  shortjournal = {Journal of Personality},
  volume = {89},
  number = {6},
  pages = {1126--1142},
  publisher = {{John Wiley \& Sons, Ltd}},
  issn = {0022-3506},
  doi = {10.1111/jopy.12640},
  url = {https://doi.org/10.1111/jopy.12640},
  urldate = {2021-05-20},
  keywords = {age differences,career,development,employment,first job,gender differences,life event,life transition,longitudinal,retirement}
}

@article{asselmannTakingUpsDowns2020,
  title = {Taking the Ups and Downs at the Rollercoaster of Love: {{Associations}} between Major Life Events in the Domain of Romantic Relationships and the {{Big Five}} Personality Traits.},
  author = {Asselmann, Eva and Specht, Jule},
  date = {2020},
  journaltitle = {Developmental Psychology},
  volume = {56},
  number = {9},
  pages = {1803--1816},
  publisher = {{American Psychological Association}},
  location = {{US}},
  issn = {1939-0599(Electronic),0012-1649(Print)},
  doi = {10.1037/dev0001047},
  keywords = {*Five Factor Personality Model,*Interpersonal Relationships,*Partners,*Personality Development,*Romance,Love,Personality Traits}
}

@article{asselmannTestingSocialInvestment2021,
  title = {Testing the {{Social Investment Principle Around Childbirth}}: {{Little Evidence}} for {{Personality Maturation Before}} and {{After Becoming}} a {{Parent}}},
  author = {Asselmann, Eva and Specht, Jule},
  date = {2021},
  journaltitle = {European Journal of Personality},
  volume = {35},
  number = {1},
  pages = {85--102},
  issn = {0890-2070},
  doi = {10.1002/per.2269},
  keywords = {Big Five,life event,longitudinal,parenthood,personality development}
}

@article{asselmannTillDeathUs2020,
  title = {Till Death Do Us Part: {{Transactions}} between Losing One’s Spouse and the {{Big Five}} Personality Traits},
  author = {Asselmann, Eva and Specht, Jule},
  date = {2020-08-01},
  journaltitle = {Journal of Personality},
  shortjournal = {Journal of Personality},
  volume = {88},
  number = {4},
  pages = {659--675},
  publisher = {{John Wiley \& Sons, Ltd}},
  issn = {0022-3506},
  doi = {10.1111/jopy.12517},
  url = {https://doi.org/10.1111/jopy.12517},
  urldate = {2021-03-17},
  keywords = {Big Five,grief,personality trait change,spousal bereavement,widowhood}
}

@article{atesDoesGrandchildCare2017,
  title = {Does Grandchild Care Influence Grandparents’ Self-Rated Health? {{Evidence}} from a Fixed Effects Approach},
  author = {Ates, Merih},
  date = {2017},
  journaltitle = {Social Science \& Medicine},
  volume = {190},
  pages = {67--74},
  issn = {0277-9536},
  doi = {10.1016/j.socscimed.2017.08.021},
  keywords = {Fixed effects,German Aging Survey (DEAS),Grandchild care,Grandparents' health,Longitudinal}
}

@article{atesDoesGrandparentalChildcare2021,
  title = {Does Grandparental Child-Care Provision Affect Number, Satisfaction and with Whom Leisure Activities Are Done?},
  author = {Ates, Merih and Bordone, Valeria and Arpino, Bruno},
  date = {2021},
  journaltitle = {Ageing and Society},
  edition = {2021/03/08},
  pages = {1--23},
  publisher = {{Cambridge University Press}},
  issn = {0144-686X},
  doi = {10.1017/S0144686X2100009X},
  url = {https://www.cambridge.org/core/article/does-grandparental-childcare-provision-affect-number-satisfaction-and-with-whom-leisure-activities-are-done/33A284FFCD6AB0752C87F5E65BCDF417},
  keywords = {ageing,gender,German Ageing Survey (DEAS),grandparental child care,leisure activities,longitudinal analyses}
}

@thesis{atesWellBeingGrandparentsGermany2019,
  type = {phdthesis},
  title = {Well-{{Being}} of {{Grandparents}} in {{Germany}}},
  author = {Ates, Merih},
  date = {2019},
  institution = {{Universität zu Köln}},
  location = {{Köln, Germany}},
  url = {http://kups.ub.uni-koeln.de/id/eprint/10604}
}

@article{austinDoublePropensityscoreAdjustment2017,
  title = {Double Propensity-Score Adjustment: {{A}} Solution to Design Bias or Bias Due to Incomplete Matching},
  author = {Austin, Peter C.},
  date = {2017-02-01},
  journaltitle = {Statistical Methods in Medical Research},
  volume = {26},
  number = {1},
  pages = {201--222},
  issn = {0962-2802},
  doi = {10.1177/0962280214543508}
}

@article{austinIntroductionPropensityScore2011,
  title = {An Introduction to Propensity Score Methods for Reducing the Effects of Confounding in Observational Studies},
  author = {Austin, Peter C.},
  date = {2011},
  journaltitle = {Multivariate Behavioral Research},
  volume = {46},
  number = {3},
  pages = {399--424},
  issn = {0027-3171},
  doi = {10.1080/00273171.2011.568786},
  keywords = {Computation,Observation,Outcomes of Treatment,Probability,Regression (Statistics),Research Design,Scores,Statistical Analysis}
}

@article{austinVarianceEstimationWhen2020,
  title = {Variance Estimation When Using Propensity-Score Matching with Replacement with Survival or Time-to-Event Outcomes},
  author = {Austin, Peter C. and Cafri, Guy},
  date = {2020-05-20},
  journaltitle = {Statistics in Medicine},
  shortjournal = {Statistics in Medicine},
  volume = {39},
  number = {11},
  pages = {1623--1640},
  publisher = {{John Wiley \& Sons, Ltd}},
  issn = {0277-6715},
  doi = {10.1002/sim.8502},
  url = {https://doi.org/10.1002/sim.8502},
  urldate = {2021-06-03},
  keywords = {matching,Monte Carlo simulations,observational study,propensity score,survival analysis}
}

@article{bairdLifeSatisfactionLifespan2010,
  title = {Life Satisfaction across the Lifespan: {{Findings}} from Two Nationally Representative Panel Studies},
  author = {Baird, Brendan M. and Lucas, Richard E. and Donnellan, M. Brent},
  date = {2010},
  journaltitle = {Social Indicators Research},
  volume = {99},
  number = {2},
  pages = {183--203},
  issn = {0303-8300},
  doi = {10.1007/s11205-010-9584-9},
  keywords = {Adults,Age Differences,Aging (Individuals),British Household Panel Survey,Change,Cohort Analysis,Foreign Countries,Germany,Life Satisfaction,Longitudinal Studies,Social Indicators,United Kingdom}
}

@article{balboRoleFamilyOrientations2016,
  title = {The Role of Family Orientations in Shaping the Effect of Fertility on Subjective Well-Being: {{A}} Propensity Score Matching Approach},
  author = {Balbo, Nicoletta and Arpino, Bruno},
  date = {2016-08-01},
  journaltitle = {Demography},
  volume = {53},
  number = {4},
  pages = {955--978},
  issn = {1533-7790},
  doi = {10.1007/s13524-016-0480-z}
}

@incollection{baltesLifeSpanTheory2006,
  title = {Life Span Theory in Developmental Psychology.},
  booktitle = {Handbook of Child Psychology: {{Theoretical}} Models of Human Development},
  author = {Baltes, Paul B. and Lindenberger, Ulman and Staudinger, Ursula M.},
  editor = {Lerner, R. M. and Damon, W.},
  date = {2006},
  pages = {569--664},
  publisher = {{John Wiley \& Sons Inc}},
  location = {{Hoboken,  NJ,  US}},
  isbn = {0-471-27288-4 (Hardcover)},
  keywords = {*Developmental Psychology,*Human Development,*Individual Psychology,Life Span}
}

@article{barberIntergenerationalTransmissionAge2001,
  title = {The {{Intergenerational Transmission}} of {{Age}} at {{First Birth}} among {{Married}} and {{Unmarried Men}} and {{Women}}},
  author = {Barber, Jennifer S.},
  date = {2001-06-01},
  journaltitle = {Social Science Research},
  shortjournal = {Social Science Research},
  volume = {30},
  number = {2},
  pages = {219--247},
  issn = {0049-089X},
  doi = {10.1006/ssre.2000.0697},
  url = {https://www.sciencedirect.com/science/article/pii/S0049089X00906975}
}

@article{bargerRelativeContributionsRace2009,
  title = {The Relative Contributions of Race/Ethnicity, Socioeconomic Status, Health, and Social Relationships to Life Satisfaction in the {{United States}}},
  author = {Barger, Steven D. and Donoho, Carrie J. and Wayment, Heidi A.},
  date = {2009-03-01},
  journaltitle = {Quality of Life Research},
  shortjournal = {Quality of Life Research},
  volume = {18},
  number = {2},
  pages = {179--189},
  issn = {1573-2649},
  doi = {10.1007/s11136-008-9426-2},
  url = {https://doi.org/10.1007/s11136-008-9426-2}
}

@article{batz-barbarichMetaAnalysisGenderDifferences2018,
  title = {A {{Meta-Analysis}} of {{Gender Differences}} in {{Subjective Well-Being}}: {{Estimating Effect Sizes}} and {{Associations With Gender Inequality}}},
  author = {Batz-Barbarich, Cassondra and Tay, Louis and Kuykendall, Lauren and Cheung, Ho Kwan},
  date = {2018-07-06},
  journaltitle = {Psychological Science},
  shortjournal = {Psychol Sci},
  volume = {29},
  number = {9},
  pages = {1491--1503},
  publisher = {{SAGE Publications Inc}},
  issn = {0956-7976},
  doi = {10.1177/0956797618774796},
  url = {https://doi.org/10.1177/0956797618774796},
  urldate = {2021-03-17}
}

@article{beckMegaanalysisPersonalityPrediction2022,
  title = {A Mega-Analysis of Personality Prediction: {{Robustness}} and Boundary Conditions.},
  author = {Beck, Emorie D. and Jackson, Joshua J.},
  date = {2022},
  journaltitle = {Journal of Personality and Social Psychology},
  volume = {122},
  number = {3},
  pages = {523--553},
  publisher = {{American Psychological Association}},
  location = {{US}},
  issn = {1939-1315(Electronic),0022-3514(Print)},
  doi = {10.1037/pspp0000386},
  keywords = {*Five Factor Personality Model,*Models,*Personality,*Personality Traits,*Prediction,Education,Health,Psychosocial Factors,Society}
}

@article{beckSelectionSocializationPropensity2019a,
  title = {Selection or {{Socialization}}? {{A Propensity Score Matched Study}} of {{Personality}} and {{Life Events}}},
  author = {Beck, Emorie D.},
  date = {2019},
  journaltitle = {Arts \& Sciences Electronic Theses and Dissertations},
  volume = {1756},
  doi = {10.7936/b21t-0238}
}

@article{bengtsonNuclearFamilyIncreasing2001,
  title = {Beyond the Nuclear Family: {{The}} Increasing Importance of Multigenerational Bonds},
  author = {Bengtson, Vern L.},
  date = {2001-02-01},
  journaltitle = {Journal of Marriage and Family},
  volume = {63},
  number = {1},
  pages = {1--16},
  issn = {0022-2445},
  doi = {10.1111/j.1741-3737.2001.00001.x},
  keywords = {aging,grandparents,intergenerational relationships,social change and families}
}

@article{benjaminRedefineStatisticalSignificance2018,
  title = {Redefine Statistical Significance},
  author = {Benjamin, Daniel J. and Berger, James O. and Clyde, Merlise and Wolpert, Robert L. and Johnson, Valen E. and Johannesson, Magnus and Dreber, Anna and Nosek, Brian A. and Wagenmakers, E. J. and Berk, Richard and Brembs, Björn},
  date = {2018},
  journaltitle = {Nature Human Behavior},
  volume = {2},
  pages = {6--10},
  issn = {0028-0836 1476-4687},
  doi = {10.1038/s41562-017-0189-z},
  langid = {english},
  keywords = {*Null Hypothesis Testing,*Nullhypothesentestung,*Statistical Significance,*Statistische Signifikanz,false positives,null hypothesis testing,Prediction Errors,replication,Statistical Power,statistical significance,Statistics & Mathematics,Statistik und Mathematik,Statistische Teststärke,Vorhersagefehler}
}

@article{berteraParenthoodTwentyFirstCentury2013,
  title = {Parenthood in the {{Twenty-First Century}}: {{African American Grandparents}} as {{Surrogate Parents}}},
  author = {Bertera, Elizabeth M. and Crewe, Sandra Edmonds},
  date = {2013-02-01},
  journaltitle = {Journal of Human Behavior in the Social Environment},
  shortjournal = {null},
  volume = {23},
  number = {2},
  pages = {178--192},
  publisher = {{Routledge}},
  issn = {1091-1359},
  doi = {10.1080/10911359.2013.747348},
  url = {https://doi.org/10.1080/10911359.2013.747348}
}

@article{bleidornLifeEventsPersonality2018,
  title = {Life Events and Personality Trait Change},
  author = {Bleidorn, Wiebke and Hopwood, Christopher J. and Lucas, Richard E.},
  date = {2018-02-01},
  journaltitle = {Journal of Personality},
  volume = {86},
  number = {1},
  pages = {83--96},
  issn = {0022-3506},
  doi = {10.1111/jopy.12286},
  keywords = {adulthood,Big Five,life events,longitudinal,personality development}
}

@article{bleidornLongitudinalExperienceWide2020,
  title = {Longitudinal Experience–Wide Association Studies—{{A}} Framework for Studying Personality Change},
  author = {Bleidorn, Wiebke and Hopwood, Christopher J. and Back, Mitja D. and Denissen, Jaap J.A. and Hennecke, Marie and Jokela, Markus and Kandler, Christian and Lucas, Richard E. and Luhmann, Maike and Orth, Ulrich and Roberts, Brent W. and Wagner, Jenny and Wrzus, Cornelia and Zimmermann, Johannes},
  date = {2020-05-01},
  journaltitle = {European Journal of Personality},
  shortjournal = {Eur J Pers},
  volume = {34},
  number = {3},
  pages = {285--300},
  publisher = {{SAGE Publications Ltd}},
  issn = {0890-2070},
  doi = {10.1002/per.2247},
  url = {https://doi.org/10.1002/per.2247},
  urldate = {2022-04-18}
}

@incollection{bleidornPersonalityDevelopmentEmerging2017,
  title = {Personality Development in Emerging Adulthood},
  booktitle = {Personality {{Development Across}} the {{Lifespan}}},
  author = {Bleidorn, Wiebke and Schwaba, Ted},
  editor = {Specht, Jule},
  date = {2017-01-01},
  pages = {39--51},
  publisher = {{Academic Press}},
  doi = {10.1016/B978-0-12-804674-6.00004-1},
  url = {https://www.sciencedirect.com/science/article/pii/B9780128046746000041},
  isbn = {978-0-12-804674-6},
  keywords = {Big Five,Emerging adulthood,openness,personality,roles,youth}
}

@article{bleidornPersonalityMaturationWorld2013,
  title = {Personality Maturation around the World: {{A}} Cross-Cultural Examination of Social-Investment Theory},
  author = {Bleidorn, Wiebke and Klimstra, Theo A. and Denissen, Jaap J. A. and Rentfrow, Peter J. and Potter, Jeff and Gosling, Samuel D.},
  date = {2013-12-01},
  journaltitle = {Psychological Science},
  volume = {24},
  number = {12},
  pages = {2530--2540},
  issn = {0956-7976},
  doi = {10.1177/0956797613498396}
}

@article{bleidornPersonalityTraitStability2021,
  title = {Personality Trait Stability and Change},
  author = {Bleidorn, Wiebke and Hopwood, Christopher J. and Back, Mitja D. and Denissen, Jaap J. A. and Hennecke, Marie and Hill, Patrick L. and Jokela, Markus and Kandler, Christian and Lucas, Richard E. and Luhmann, Maike and Orth, Ulrich and Roberts, Brent W. and Wagner, Jenny and Wrzus, Cornelia and Zimmermann, Johannes},
  date = {2021-06-18},
  journaltitle = {Personality Science},
  shortjournal = {PS},
  volume = {2},
  number = {1},
  pages = {1--20},
  doi = {10.5964/ps.6009},
  url = {https://ps.psychopen.eu/index.php/ps/article/view/6009},
  urldate = {2021-06-22}
}

@article{bleidornPolicyRelevancePersonality2019,
  title = {The Policy Relevance of Personality Traits.},
  author = {Bleidorn, Wiebke and Hill, Patrick L. and Back, Mitja D. and Denissen, Jaap J. A. and Hennecke, Marie and Hopwood, Christopher J. and Jokela, Markus and Kandler, Christian and Lucas, Richard E. and Luhmann, Maike and Orth, Ulrich and Wagner, Jenny and Wrzus, Cornelia and Zimmermann, Johannes and Roberts, Brent W.},
  date = {2019},
  journaltitle = {American Psychologist},
  volume = {74},
  number = {9},
  pages = {1056--1067},
  publisher = {{American Psychological Association}},
  location = {{US}},
  issn = {1935-990X(Electronic),0003-066X(Print)},
  doi = {10.1037/amp0000503},
  keywords = {*Five Factor Personality Model,*Intervention,*Personality Traits,*Policy Making,Personality Change}
}

@article{bleidornRetirementAssociatedChange2018,
  title = {Retirement Is Associated with Change in Self-Esteem},
  author = {Bleidorn, Wiebke and Schwaba, Ted},
  date = {2018},
  journaltitle = {Psychology and Aging},
  volume = {33},
  number = {4},
  pages = {586--594},
  issn = {1939-1498(Electronic),0882-7974(Print)},
  doi = {10.1037/pag0000253},
  keywords = {*Personality Development,*Retirement,*Self-Esteem,Life Experiences}
}

@book{bolgerIntensiveLongitudinalMethods2013,
  title = {Intensive Longitudinal Methods: {{An}} Introduction to Diary and Experience Sampling Research.},
  author = {Bolger, Niall and Laurenceau, Jean-Philippe},
  date = {2013},
  series = {Intensive Longitudinal Methods: {{An}} Introduction to Diary and Experience Sampling Research.},
  pages = {xv, 256},
  publisher = {{Guilford Press}},
  location = {{New York,  NY,  US}},
  isbn = {978-1-4625-0678-1 (Hardcover); 978-1-4625-0692-7 (PDF)},
  pagetotal = {xv, 256},
  keywords = {*Longitudinal Studies,*Measurement,*Methodology,*Social Processes,Psychophysiology}
}

@article{bordoneGrandchildrenInfluenceHow2015,
  title = {Do {{Grandchildren Influence How Old You Feel}}?},
  author = {Bordone, Valeria and Arpino, Bruno},
  date = {2015-12-09},
  journaltitle = {Journal of Aging and Health},
  shortjournal = {J Aging Health},
  volume = {28},
  number = {6},
  pages = {1055--1072},
  publisher = {{SAGE Publications Inc}},
  issn = {0898-2643},
  doi = {10.1177/0898264315618920},
  url = {https://doi.org/10.1177/0898264315618920},
  urldate = {2021-04-01}
}

@article{bordonePatternsGrandparentalChild2017,
  title = {Patterns of Grandparental Child Care across {{Europe}}: The Role of the Policy Context and Working Mothers' Need},
  author = {Bordone, Valeria and Arpino, Bruno and Aassve, Arnstein},
  date = {2017},
  journaltitle = {Ageing and Society},
  edition = {2016/02/18},
  volume = {37},
  number = {4},
  pages = {845--873},
  publisher = {{Cambridge University Press}},
  issn = {0144-686X},
  doi = {10.1017/S0144686X1600009X},
  url = {https://www.cambridge.org/core/article/patterns-of-grandparental-child-care-across-europe-the-role-of-the-policy-context-and-working-mothers-need/FD999CE0803BE444D37D1A9CD69C7175},
  keywords = {family policies,female labour force participation,grandparental child care,intergenerational relationships,Multilinks database}
}

@article{boyceGreatRecessionSubjective2018,
  title = {The {{Great Recession}} and Subjective Well-Being: {{How}} Did the Life Satisfaction of People Living in the {{United Kingdom}} Change Following the Financial Crisis?},
  author = {Boyce, Christopher J. and Delaney, Liam and Wood, Alex M.},
  date = {2018-08-29},
  journaltitle = {PLOS ONE},
  shortjournal = {PLOS ONE},
  volume = {13},
  number = {8},
  pages = {e0201215},
  publisher = {{Public Library of Science}},
  doi = {10.1371/journal.pone.0201215},
  url = {https://doi.org/10.1371/journal.pone.0201215}
}

@article{brandtActingBabyBoomer2022,
  title = {Acting {{Like}} a {{Baby Boomer}}? {{Birth-Cohort Differences}} in {{Adults}}’ {{Personality Trajectories During}} the {{Last Half}} a {{Century}}},
  author = {Brandt, Naemi D. and Drewelies, Johanna and Willis, Sherry L. and Schaie, K. Warner and Ram, Nilam and Gerstorf, Denis and Wagner, Jenny},
  date = {2022-02-22},
  journaltitle = {Psychological Science},
  shortjournal = {Psychol Sci},
  pages = {09567976211037971},
  publisher = {{SAGE Publications Inc}},
  issn = {0956-7976},
  doi = {10.1177/09567976211037971},
  url = {https://doi.org/10.1177/09567976211037971},
  urldate = {2022-02-24}
}

@article{brownDoesTransitionGrandparenthood2021,
  title = {Does the {{Transition}} to {{Grandparenthood Deter Gray Divorce}}? {{A Test}} of the {{Braking Hypothesis}}},
  author = {Brown, Susan L and Lin, I-Fen and Mellencamp, Kagan A},
  date = {2021-03-01},
  journaltitle = {Social Forces},
  shortjournal = {Social Forces},
  volume = {99},
  number = {3},
  pages = {1209--1232},
  issn = {0037-7732},
  doi = {10.1093/sf/soaa030},
  url = {https://doi.org/10.1093/sf/soaa030},
  urldate = {2021-04-01}
}

@book{bruderlFixedEffectsPanelRegression2015,
  title = {Fixed-{{Effects Panel Regression}}},
  author = {Brüderl, Josef and Ludwig, Volker},
  date = {2015},
  series = {The {{SAGE Handbook}} of {{Regression Analysis}} and {{Causal Inference}}},
  publisher = {{SAGE}},
  location = {{Los Angeles}},
  editorb = {Best, Henning and Wolf, Christof},
  editorbtype = {redactor},
  pagetotal = {327-358}
}

@article{brunelloGrandparentsBluesEffect2019,
  title = {Grandparents in the Blues. {{The}} Effect of Childcare on Grandparents’ Depression},
  author = {Brunello, Giorgio and Rocco, Lorenzo},
  date = {2019-06-01},
  journaltitle = {Review of Economics of the Household},
  shortjournal = {Review of Economics of the Household},
  volume = {17},
  number = {2},
  pages = {587--613},
  issn = {1573-7152},
  doi = {10.1007/s11150-018-9432-2},
  url = {https://doi.org/10.1007/s11150-018-9432-2}
}

@article{buchananTwentyfirstCenturyGrandparents2018,
  title = {Twenty-First Century Grandparents: {{Global}} Perspectives on Changing Roles and Consequences},
  author = {Buchanan, Ann and Rotkirch, Anna},
  date = {2018-04-03},
  journaltitle = {Contemporary Social Science},
  shortjournal = {null},
  volume = {13},
  number = {2},
  pages = {131--144},
  publisher = {{Routledge}},
  issn = {2158-2041},
  doi = {10.1080/21582041.2018.1467034},
  url = {https://doi.org/10.1080/21582041.2018.1467034}
}

@article{bucherTogetherBetterHigher2019,
  title = {Together Is {{Better}}: {{Higher Committed Relationships Increase Life Satisfaction}} and {{Reduce Loneliness}}},
  author = {Bucher, Alica and Neubauer, Andreas B. and Voss, Andreas and Oetzbach, Carolin},
  date = {2019-12-01},
  journaltitle = {Journal of Happiness Studies},
  shortjournal = {Journal of Happiness Studies},
  volume = {20},
  number = {8},
  pages = {2445--2469},
  issn = {1573-7780},
  doi = {10.1007/s10902-018-0057-1},
  url = {https://doi.org/10.1007/s10902-018-0057-1}
}

@article{bulandaGrandparentingRolesVolunteer2016,
  title = {Grandparenting {{Roles}} and {{Volunteer Activity}}},
  author = {Bulanda, Jennifer Roebuck and Jendrek, Margaret Platt},
  date = {2016-01-01},
  journaltitle = {The Journals of Gerontology: Series B},
  shortjournal = {The Journals of Gerontology: Series B},
  volume = {71},
  number = {1},
  pages = {129--140},
  issn = {1079-5014},
  doi = {10.1093/geronb/gbu033},
  url = {https://doi.org/10.1093/geronb/gbu033},
  urldate = {2022-02-05}
}

@article{burgetteMultipleImputationMissing2010,
  title = {Multiple {{Imputation}} for {{Missing Data}} via {{Sequential Regression Trees}}},
  author = {Burgette, Lane F. and Reiter, Jerome P.},
  date = {2010-11-01},
  journaltitle = {American Journal of Epidemiology},
  shortjournal = {American Journal of Epidemiology},
  volume = {172},
  number = {9},
  pages = {1070--1076},
  issn = {0002-9262},
  doi = {10.1093/aje/kwq260},
  url = {https://doi.org/10.1093/aje/kwq260},
  urldate = {2021-04-14}
}

@article{burtonContextSurrogateParenting1994,
  title = {Context and {{Surrogate Parenting Among Contemporary Grandparents}}},
  author = {Burton, Linda M. and Dilworth-Anderson, Peggye and Merriwether-de Vries, Cynthia},
  date = {1994-10-28},
  journaltitle = {Marriage \& Family Review},
  shortjournal = {null},
  volume = {20},
  number = {3-4},
  pages = {349--366},
  publisher = {{Routledge}},
  issn = {0149-4929},
  doi = {10.1300/J002v20n03_03},
  url = {https://doi.org/10.1300/J002v20n03_03}
}

@book{car2019,
  title = {An {{R}} Companion to Applied Regression},
  author = {Fox, John and Weisberg, Sanford},
  date = {2019},
  edition = {3},
  publisher = {{Sage}},
  location = {{Thousand Oaks CA}},
  url = {https://socialsciences.mcmaster.ca/jfox/Books/Companion/}
}

@book{car2019,
  title = {An {{R}} Companion to Applied Regression},
  author = {Fox, John and Weisberg, Sanford},
  date = {2019},
  edition = {3},
  publisher = {{Sage}},
  location = {{Thousand Oaks CA}},
  url = {https://socialsciences.mcmaster.ca/jfox/Books/Companion/}
}

@article{caspiWhenIndividualDifferences1993,
  title = {When Do Individual Differences Matter? {{A}} Paradoxical Theory of Personality Coherence.},
  author = {Caspi, Avshalom and Moffitt, Terrie E.},
  date = {1993},
  journaltitle = {Psychological Inquiry},
  volume = {4},
  number = {4},
  pages = {247--271},
  publisher = {{Lawrence Erlbaum}},
  location = {{US}},
  issn = {1532-7965(Electronic),1047-840X(Print)},
  doi = {10.1207/s15327965pli0404_1},
  keywords = {*Environment,*Individual Differences,*Personality Change,*Social Change,Personality Development}
}

@article{chenEducationFeverChina2021,
  title = {Education {{Fever}} in {{China}}: {{Children}}’s {{Academic Performance}} and {{Parents}}’ {{Life Satisfaction}}},
  author = {Chen, Yi and Huang, Rong and Lu, Yuanping and Zhang, Kangyi},
  date = {2021-02-01},
  journaltitle = {Journal of Happiness Studies},
  shortjournal = {Journal of Happiness Studies},
  volume = {22},
  number = {2},
  pages = {927--954},
  issn = {1573-7780},
  doi = {10.1007/s10902-020-00258-0},
  url = {https://doi.org/10.1007/s10902-020-00258-0}
}

@article{choiFertilityContextMexican2014,
  title = {Fertility in the Context of {{Mexican}} Migration to the {{United States}}},
  author = {Choi, Kate H.},
  date = {2014},
  journaltitle = {Demographic Research},
  volume = {30},
  eprint = {26348215},
  eprinttype = {jstor},
  pages = {703--738},
  publisher = {{Max-Planck-Gesellschaft zur Foerderung der Wissenschaften}},
  issn = {14359871, 23637064},
  doi = {10.4054/DemRes.2014.30.24},
  url = {http://www.jstor.org/stable/26348215},
  urldate = {2021-03-22}
}

@article{choiGrandparentingMortalityHow2020,
  title = {Grandparenting and {{Mortality}}: {{How Does Race-Ethnicity Matter}}?},
  author = {Choi, Seung-won Emily},
  date = {2020-02-13},
  journaltitle = {Journal of Health and Social Behavior},
  shortjournal = {J Health Soc Behav},
  volume = {61},
  number = {1},
  pages = {96--112},
  publisher = {{SAGE Publications Inc}},
  issn = {0022-1465},
  doi = {10.1177/0022146520903282},
  url = {https://doi.org/10.1177/0022146520903282},
  urldate = {2021-04-22}
}

@article{chopikChangesOptimismPessimism2020,
  title = {Changes in Optimism and Pessimism in Response to Life Events: {{Evidence}} from Three Large Panel Studies},
  author = {Chopik, William J. and Oh, Jeewon and Kim, Eric S. and Schwaba, Ted and Krämer, Michael D. and Richter, David and Smith, Jacqui},
  date = {2020-10-01},
  journaltitle = {Journal of Research in Personality},
  shortjournal = {Journal of Research in Personality},
  volume = {88},
  pages = {103985},
  issn = {0092-6566},
  doi = {10.1016/j.jrp.2020.103985},
  url = {http://www.sciencedirect.com/science/article/pii/S0092656620300738},
  keywords = {Adult personality development,Aging,Life events,Lifespan development,Optimism,Time perspective}
}

@article{chopikDoesPersonalityChange2018,
  title = {Does Personality Change Following Spousal Bereavement?},
  author = {Chopik, William J.},
  date = {2018-02-01},
  journaltitle = {Journal of Research in Personality},
  shortjournal = {Journal of Research in Personality},
  volume = {72},
  pages = {10--21},
  issn = {0092-6566},
  doi = {10.1016/j.jrp.2016.08.010},
  url = {https://www.sciencedirect.com/science/article/pii/S0092656616301076},
  keywords = {Bereavement,Changing Lives of Older Couples,Health and Retirement Study,Personality development,Replication}
}

@article{chopikPersonalityChangeLife2018,
  title = {Personality Change across the Life Span: {{Insights}} from a Cross-Cultural, Longitudinal Study},
  author = {Chopik, William J. and Kitayama, Shinobu},
  date = {2018-06-01},
  journaltitle = {Journal of Personality},
  shortjournal = {Journal of Personality},
  volume = {86},
  number = {3},
  pages = {508--521},
  publisher = {{John Wiley \& Sons, Ltd}},
  issn = {0022-3506},
  doi = {10.1111/jopy.12332},
  url = {https://doi.org/10.1111/jopy.12332},
  urldate = {2021-03-29},
  keywords = {Big Five personality,culture,life span development,MIDJA,MIDUS}
}

@article{christiansenAssociationGrandparenthoodMortality2014,
  title = {The Association between Grandparenthood and Mortality},
  author = {Christiansen, Solveig Glestad},
  date = {2014-10-01},
  journaltitle = {Social Science \& Medicine},
  shortjournal = {Social Science \& Medicine},
  volume = {118},
  pages = {89--96},
  issn = {0277-9536},
  doi = {10.1016/j.socscimed.2014.07.061},
  url = {https://www.sciencedirect.com/science/article/pii/S0277953614005012},
  keywords = {Grandparents,Mortality,Norway,Register data}
}

@article{chungLongitudinalEffectsGrandchild2018,
  title = {The Longitudinal Effects of Grandchild Care on Depressive Symptoms and Physical Health of Grandmothers in {{South Korea}}: {{A}} Latent Growth Approach},
  author = {Chung, Soondool and Park, Aely},
  date = {2018-12-02},
  journaltitle = {Aging \& Mental Health},
  volume = {22},
  number = {12},
  pages = {1556--1563},
  issn = {1360-7863},
  doi = {10.1080/13607863.2017.1376312}
}

@article{coallGrandparentalInvestmentRelic2011,
  title = {Grandparental Investment: A Relic of the Past or a Resource for the Future?},
  author = {Coall, David A. and Hertwig, Ralph},
  date = {2011-04-01},
  journaltitle = {Current Directions in Psychological Science},
  volume = {20},
  number = {2},
  pages = {93--98},
  issn = {0963-7214},
  doi = {10.1177/0963721411403269}
}

@article{coallInterdisciplinaryPerspectivesGrandparental2018,
  title = {Interdisciplinary Perspectives on Grandparental Investment: A Journey towards Causality},
  author = {Coall, David A. and Hilbrand, Sonja and Sear, Rebecca and Hertwig, Ralph},
  date = {2018-04-03},
  journaltitle = {Contemporary Social Science},
  shortjournal = {null},
  volume = {13},
  number = {2},
  pages = {159--174},
  publisher = {{Routledge}},
  issn = {2158-2041},
  doi = {10.1080/21582041.2018.1433317},
  url = {https://doi.org/10.1080/21582041.2018.1433317}
}

@incollection{coallNewNicheTheory2016,
  title = {A New Niche? {{The}} Theory of Grandfather Involvement},
  booktitle = {Grandfathers: {{Global Perspectives}}},
  author = {Coall, David A. and Hilbrand, Sonja and Sear, Rebecca and Hertwig, Ralph},
  editor = {Buchanan, Ann and Rotkirch, Anna},
  date = {2016},
  pages = {21--44},
  publisher = {{Palgrave Macmillan UK}},
  location = {{London}},
  doi = {10.1057/978-1-137-56338-5_2},
  url = {https://doi.org/10.1057/978-1-137-56338-5_2},
  isbn = {978-1-137-56338-5}
}

@article{coallPredictorsGrandparentalInvestment2014,
  title = {Predictors of Grandparental Investment Decisions in Contemporary {{Europe}}: {{Biological}} Relatedness and Beyond},
  author = {Coall, David A. and Hilbrand, Sonja and Hertwig, Ralph},
  date = {2014-01-08},
  journaltitle = {PLOS ONE},
  shortjournal = {PLOS ONE},
  volume = {9},
  number = {1},
  pages = {e84082},
  publisher = {{Public Library of Science}},
  doi = {10.1371/journal.pone.0084082},
  url = {https://doi.org/10.1371/journal.pone.0084082}
}

@article{collischonGenderRolesChild2021,
  title = {Gender {{Roles}}, {{Child Moves}} and {{Parental Well-being}}: {{A Panel Study}} on {{Short}} and {{Long Term Effects}} for {{Germany}}},
  author = {Collischon, Matthias and Eberl, Andreas and Wolbring, Tobias},
  year = {2021, March 10},
  journaltitle = {SocArXiv},
  publisher = {{SocArXiv}},
  doi = {10.31235/osf.io/wy85h}
}

@article{condonAustralianFirsttimeGrandparents2013,
  title = {The {{Australian}} First-Time Grandparents Study: {{Time}} Spent with the Grandchild and Its Predictors},
  author = {Condon, John and Corkindale, Carolyn and Luszcz, Mary and Gamble, Elizabeth},
  date = {2013-03-01},
  journaltitle = {Australasian Journal on Ageing},
  shortjournal = {Australasian Journal on Ageing},
  volume = {32},
  number = {1},
  pages = {21--27},
  publisher = {{John Wiley \& Sons, Ltd}},
  issn = {1440-6381},
  doi = {10.1111/j.1741-6612.2011.00588.x},
  url = {https://doi.org/10.1111/j.1741-6612.2011.00588.x},
  urldate = {2021-07-20},
  keywords = {child care,family characteristics,intergenerational relation,longitudinal study,socioeconomic factor}
}

@article{condonFirsttimeGrandparentsRole2019,
  title = {First-Time Grandparents’ Role Satisfaction and Its Determinants},
  author = {Condon, John and Luszcz, Mary and McKee, Ian},
  date = {2019},
  journaltitle = {The International Journal of Aging and Human Development},
  pages = {Advance Online Publication},
  issn = {0091-4150},
  doi = {10.1177/0091415019882005}
}

@article{condonTransitionGrandparenthoodProspective2018,
  title = {The Transition to Grandparenthood: {{A}} Prospective Study of Mental Health Implications},
  author = {Condon, John and Luszcz, Mary and McKee, Ian},
  date = {2018-03-04},
  journaltitle = {Aging \& Mental Health},
  volume = {22},
  number = {3},
  pages = {336--343},
  issn = {1360-7863},
  doi = {10.1080/13607863.2016.1248897}
}

@article{cookHowMuchBias2020,
  title = {How Much Bias Results If a Quasi-Experimental Design Combines Local Comparison Groups, a Pretest Outcome Measure and Other Covariates?: {{A}} within Study Comparison of Preschool Effects},
  author = {Cook, Thomas D. and Zhu, Naixin and Klein, Alice and Starkey, Prentice and Thomas, Jaime},
  date = {2020},
  journaltitle = {Psychological methods},
  pages = {Advance Online Publication},
  issn = {1939-1463(Electronic),1082-989X(Print)},
  doi = {10.1037/met0000260},
  keywords = {*Preschool Education,*Quasi Experimental Methods,*School Based Intervention,*Test Bias,*Treatment Outcomes,Curriculum,Mathematics,Pretesting,Test Construction}
}

@article{coombsMaritalStatusPersonal1991,
  title = {Marital {{Status}} and {{Personal Well-Being}}: {{A Literature Review}}},
  author = {Coombs, Robert H.},
  date = {1991},
  journaltitle = {Family Relations},
  volume = {40},
  number = {1},
  eprint = {585665},
  eprinttype = {jstor},
  pages = {97--102},
  publisher = {{[National Council on Family Relations, Wiley]}},
  issn = {01976664, 17413729},
  doi = {10.2307/585665},
  url = {http://www.jstor.org/stable/585665},
  urldate = {2021-03-17}
}

@article{costaPersonalityLifeSpan2019,
  title = {Personality across the Life Span},
  author = {Costa, Paul T. and McCrae, Robert R. and Löckenhoff, Corinna E.},
  date = {2019},
  journaltitle = {Annual Review of Psychology},
  volume = {70},
  number = {1},
  pages = {423--448},
  doi = {10.1146/annurev-psych-010418-103244},
  keywords = {differential stability;personality maturation;five-factor model;method variance;gerontology}
}

@article{coverdillRaceEthnicityQuality2011,
  title = {Race, {{Ethnicity}} and the {{Quality}} of {{Life}} in {{America}}, 1972–2008},
  author = {Coverdill, James E. and López, Carlos A. and Petrie, Michelle A.},
  date = {2011-03-01},
  journaltitle = {Social Forces},
  shortjournal = {Social Forces},
  volume = {89},
  number = {3},
  pages = {783--805},
  issn = {0037-7732},
  doi = {10.1353/sof.2011.0002},
  url = {https://doi.org/10.1353/sof.2011.0002},
  urldate = {2021-03-22}
}

@article{crawfordIncorporatingEcologicalMomentary2022,
  title = {Incorporating Ecological Momentary Assessment into Multimethod Investigations of Cognitive Aging: {{Promise}} and Practical Considerations.},
  author = {Crawford, Jennifer L. and English, Tammy and Braver, Todd S.},
  date = {2022},
  journaltitle = {Psychology and Aging},
  volume = {37},
  number = {1},
  pages = {84--96},
  publisher = {{American Psychological Association}},
  location = {{US}},
  issn = {1939-1498(Electronic),0882-7974(Print)},
  doi = {10.1037/pag0000646},
  keywords = {*Cognitive Aging,*Ecological Momentary Assessment,*Experimental Replication,*Neuroimaging,*Open Data,Aging,Best Practices,Intraindividual Variability,Life Span,Methodology,Sciences}
}

@article{damianSixteenGoingSixtysix2019,
  title = {Sixteen Going on Sixty-Six: {{A}} Longitudinal Study of Personality Stability and Change across 50 Years},
  author = {Damian, Rodica Ioana and Spengler, Marion and Sutu, Andreea and Roberts, Brent W.},
  date = {2019},
  journaltitle = {Journal of Personality and Social Psychology},
  volume = {117},
  number = {3},
  pages = {674--695},
  issn = {1939-1315(Electronic),0022-3514(Print)},
  doi = {10.1037/pspp0000210},
  keywords = {*Personality,*Personality Change,*Personality Development,*Personality Traits,Human Sex Differences}
}

@article{danielsbackaAssociationGrandparentalInvestment2016,
  title = {The Association between Grandparental Investment and Grandparents' Happiness in {{Finland}}},
  author = {Danielsbacka, Mirkka and Tanskanen, Antti O.},
  date = {2016},
  journaltitle = {Personal Relationships},
  volume = {23},
  number = {4},
  pages = {787--800},
  issn = {1350-4126},
  doi = {10.1111/pere.12160}
}

@article{danielsbackaGrandparentalChildCare2011,
  title = {Grandparental Child Care in {{Europe}}: {{Evidence}} for Preferential Investment in More Certain Kin},
  author = {Danielsbacka, Mirkka and Tanskanen, Antti O. and Jokela, Markus and Rotkirch, Anna},
  date = {2011-01-01},
  journaltitle = {Evolutionary Psychology},
  shortjournal = {Evol Psychol},
  volume = {9},
  number = {1},
  pages = {147470491100900102},
  publisher = {{SAGE Publications Inc}},
  issn = {1474-7049},
  doi = {10.1177/147470491100900102},
  url = {https://doi.org/10.1177/147470491100900102},
  urldate = {2021-05-17}
}

@article{danielsbackaGrandparentalChildcareHealth2019,
  title = {Grandparental Childcare, Health and Well-Being in {{Europe}}: {{A}} within-Individual Investigation of Longitudinal Data},
  author = {Danielsbacka, Mirkka and Tanskanen, Antti O. and Coall, David A. and Jokela, Markus},
  date = {2019},
  journaltitle = {Social Science \& Medicine},
  volume = {230},
  pages = {194--203},
  issn = {0277-9536},
  doi = {10.1016/j.socscimed.2019.03.031},
  keywords = {Childcare,Fixed effect regression,Grandparents,Health,SHARE}
}

@article{danielsbackaGrandparentingHealthWellbeing2022,
  title = {Grandparenting, Health, and Well-Being: A Systematic Literature Review},
  author = {Danielsbacka, Mirkka and Křenková, Lenka and Tanskanen, Antti O.},
  date = {2022-01-04},
  journaltitle = {European Journal of Ageing},
  shortjournal = {European Journal of Ageing},
  issn = {1613-9380},
  doi = {10.1007/s10433-021-00674-y},
  url = {https://doi.org/10.1007/s10433-021-00674-y}
}

@article{denissenBigFiveInventory2020,
  title = {The {{Big Five Inventory}}–2: {{Replication}} of {{Psychometric Properties}} in a {{Dutch Adaptation}} and {{First Evidence}} for the {{Discriminant Predictive Validity}} of the {{Facet Scales}}},
  author = {Denissen, Jaap J. A. and Geenen, Rinie and Soto, Christopher J. and John, Oliver P. and family=Aken, given=Marcel A. G., prefix=van, useprefix=true},
  date = {2020-05-03},
  journaltitle = {Journal of Personality Assessment},
  shortjournal = {null},
  volume = {102},
  number = {3},
  pages = {309--324},
  publisher = {{Routledge}},
  issn = {0022-3891},
  doi = {10.1080/00223891.2018.1539004},
  url = {https://doi.org/10.1080/00223891.2018.1539004}
}

@article{denissenTransactionsLifeEvents2019,
  title = {Transactions between Life Events and Personality Traits across the Adult Lifespan},
  author = {Denissen, Jaap J. A. and Luhmann, Maike and Chung, Joanne M. and Bleidorn, Wiebke},
  date = {2019},
  journaltitle = {Journal of Personality and Social Psychology},
  volume = {116},
  number = {4},
  pages = {612--633},
  issn = {1939-1315(Electronic),0022-3514(Print)},
  doi = {10.1037/pspp0000196},
  keywords = {*Adult Development,*Five Factor Personality Model,*Life Experiences,*Personality Development,*Test Construction,Life Span}
}

@article{dienerAdvancesSubjectiveWellbeing2018,
  title = {Advances in Subjective Well-Being Research},
  author = {Diener, Ed and Oishi, Shigehiro and Tay, Louis},
  date = {2018-04-01},
  journaltitle = {Nature Human Behaviour},
  shortjournal = {Nature Human Behaviour},
  volume = {2},
  number = {4},
  pages = {253--260},
  issn = {2397-3374},
  doi = {10.1038/s41562-018-0307-6},
  url = {https://doi.org/10.1038/s41562-018-0307-6}
}

@article{dienerSatisfactionLifeScale1985,
  title = {The {{Satisfaction With Life Scale}}},
  author = {Diener, Ed and Emmons, Robert A. and Larsen, Randy J. and Griffin, Sharon},
  date = {1985},
  journaltitle = {Journal of Personality Assessment},
  volume = {49},
  number = {1},
  pages = {71--75},
  issn = {00223891},
  doi = {10.1207/s15327752jpa4901_13},
  keywords = {QUALITY of life,SATISFACTION,SCALE analysis (Psychology)}
}

@article{digessaBecomingGrandparentIts2019,
  title = {Becoming a {{Grandparent}} and {{Its Effect}} on {{Well-Being}}: {{The Role}} of {{Order}} of {{Transitions}}, {{Time}}, and {{Gender}}},
  author = {Di Gessa, Giorgio and Bordone, Valeria and Arpino, Bruno},
  date = {2019},
  journaltitle = {The Journals of Gerontology, Series B: Psychological Sciences and Social Sciences},
  pages = {Advance Online Publication},
  issn = {1079-5014},
  doi = {10.1093/geronb/gbz135}
}

@article{digessaHealthImpactIntensive2016,
  title = {The {{Health Impact}} of {{Intensive}} and {{Nonintensive Grandchild Care}} in {{Europe}}: {{New Evidence From SHARE}}},
  author = {Di Gessa, Giorgio and Glaser, Karen and Tinker, Anthea},
  date = {2016},
  journaltitle = {The Journals of Gerontology, Series B: Psychological Sciences and Social Sciences},
  volume = {71},
  number = {5},
  pages = {867--879},
  issn = {1079-5014},
  doi = {10.1093/geronb/gbv055}
}

@article{digessaImpactCaringGrandchildren2016,
  title = {The Impact of Caring for Grandchildren on the Health of Grandparents in {{Europe}}: {{A}} Lifecourse Approach},
  author = {Di Gessa, Giorgio and Glaser, Karen and Tinker, Anthea},
  date = {2016},
  journaltitle = {Social Science \& Medicine},
  volume = {152},
  pages = {166--175},
  issn = {0277-9536},
  doi = {10.1016/j.socscimed.2016.01.041},
  keywords = {Childcare,Europe,Grandparents,Health,Life history,Lifecourse approach,Longitudinal,SHARE}
}

@article{digessaLookingGrandchildrenGender2020,
  title = {Looking after Grandchildren: {{Gender}} Differences in ‘When,’ ‘What,’ and ‘Why’: {{Evidence}} from the {{English Longitudinal Study}} of {{Ageing}}},
  author = {Di Gessa, Giorgio and Zaninotto, Paola and Glaser, Karen},
  date = {2020-12-10},
  journaltitle = {Demographic Research},
  shortjournal = {Demographic Research},
  volume = {43},
  number = {53},
  pages = {1545--1562},
  issn = {1435-9871},
  doi = {10.4054/DemRes.2020.43.53},
  url = {https://www.demographic-research.org/volumes/vol43/53/}
}

@article{donnellanAgeDifferencesBig2008,
  title = {Age Differences in the Big Five across the Life Span: {{Evidence}} from Two National Samples.},
  author = {Donnellan, M. Brent and Lucas, Richard E.},
  date = {2008},
  journaltitle = {Psychology and Aging},
  volume = {23},
  number = {3},
  pages = {558--566},
  publisher = {{American Psychological Association}},
  location = {{US}},
  issn = {1939-1498(Electronic),0882-7974(Print)},
  doi = {10.1037/a0012897},
  keywords = {*Age Differences,*Personality Development,*Personality Measures,*Personality Traits,Five Factor Personality Model}
}

@article{dorePopulationIndividuallevelChanges2018,
  title = {Population- and Individual-Level Changes in Life Satisfaction Surrounding Major Life Stressors},
  author = {Doré, Bruce and Bolger, Niall},
  date = {2018-09-01},
  journaltitle = {Social Psychological and Personality Science},
  volume = {9},
  number = {7},
  pages = {875--884},
  issn = {1948-5506},
  doi = {10.1177/1948550617727589}
}

@article{dunifonBackupParentsPlaymates2018,
  title = {Backup Parents, Playmates, Friends: {{Grandparents}}' Time with Grandchildren.},
  author = {Dunifon, Rachel E. and Near, Christopher E. and Ziol‐Guest, Kathleen M.},
  date = {2018},
  journaltitle = {Journal of Marriage and Family},
  volume = {80},
  number = {3},
  pages = {752--767},
  publisher = {{Wiley-Blackwell Publishing Ltd.}},
  location = {{United Kingdom}},
  issn = {1741-3737(Electronic),0022-2445(Print)},
  doi = {10.1111/jomf.12472},
  keywords = {*Friendship,*Grandchildren,*Grandparents,Parents}
}

@article{dunifonTimeGrandchildrenSubjective2020,
  title = {Time with {{Grandchildren}}: {{Subjective Well-Being Among Grandparents Living}} with {{Their Grandchildren}}},
  author = {Dunifon, Rachel E. and Musick, Kelly A. and Near, Christopher E.},
  date = {2020-04-01},
  journaltitle = {Social Indicators Research},
  shortjournal = {Social Indicators Research},
  volume = {148},
  number = {2},
  pages = {681--702},
  issn = {1573-0921},
  doi = {10.1007/s11205-019-02206-9},
  url = {https://doi.org/10.1007/s11205-019-02206-9}
}

@book{eidScienceSubjectiveWellbeing2008,
  title = {The Science of Subjective Well-Being},
  author = {Eid, Michael and Larsen, Randy J.},
  date = {2008},
  publisher = {{Guilford Press}},
  location = {{New York, NY}},
  isbn = {1-59385-581-8 978-1-59385-581-9},
  keywords = {happiness,measurement,positive psychology,subjective well-being,Subjectivity,Well Being}
}

@article{elderTimeHumanAgency1994,
  title = {Time, {{Human Agency}}, and {{Social Change}}: {{Perspectives}} on the {{Life Course}}},
  author = {Elder, Glen H.},
  date = {1994},
  journaltitle = {Social Psychology Quarterly},
  volume = {57},
  number = {1},
  eprint = {2786971},
  eprinttype = {jstor},
  pages = {4--15},
  publisher = {{[Sage Publications, Inc., American Sociological Association]}},
  issn = {01902725},
  doi = {10.2307/2786971},
  url = {http://www.jstor.org/stable/2786971},
  urldate = {2022-01-22}
}

@article{ellwardtGrandparenthoodRiskMortality2021,
  title = {Grandparenthood and Risk of Mortality: {{Findings}} from the {{Health}} and {{Retirement Study}}},
  author = {Ellwardt, Lea and Hank, Karsten and Mendes de Leon, Carlos F.},
  date = {2021-01-01},
  journaltitle = {Social Science \& Medicine},
  shortjournal = {Social Science \& Medicine},
  volume = {268},
  pages = {113371},
  issn = {0277-9536},
  doi = {10.1016/j.socscimed.2020.113371},
  url = {https://www.sciencedirect.com/science/article/pii/S0277953620305906},
  keywords = {Aging,Longitudinal research,Social relationships,Survival,Well-being}
}

@article{elwertEndogenousSelectionBias2014,
  title = {Endogenous Selection Bias: {{The}} Problem of Conditioning on a Collider Variable},
  author = {Elwert, Felix and Winship, Christopher},
  date = {2014-07-30},
  journaltitle = {Annual Review of Sociology},
  volume = {40},
  number = {1},
  pages = {31--53},
  issn = {0360-0572},
  doi = {10.1146/annurev-soc-071913-043455}
}

@article{findlerConstructionValidationMultidimensional2013,
  title = {Construction and {{Validation}} of the {{Multidimensional Experience}} of {{Grandparenthood Set}} of {{Inventories}}},
  author = {Findler, Liora and Taubman - Ben-Ari, Orit and Nuttman-Shwartz, Orit and Lazar, Ronit},
  date = {2013-09-01},
  journaltitle = {Social Work Research},
  shortjournal = {Social Work Research},
  volume = {37},
  number = {3},
  pages = {237--253},
  issn = {1070-5309},
  doi = {10.1093/swr/svt025},
  url = {https://doi.org/10.1093/swr/svt025},
  urldate = {2021-07-26}
}

@article{fingermanDecadeResearchIntergenerational2020,
  title = {A Decade of Research on Intergenerational Ties: {{Technological}}, Economic, Political, and Demographic Changes},
  author = {Fingerman, Karen L. and Huo, Meng and Birditt, Kira S.},
  date = {2020-02-01},
  journaltitle = {Journal of Marriage and Family},
  shortjournal = {Journal of Marriage and Family},
  volume = {82},
  number = {1},
  pages = {383--403},
  publisher = {{John Wiley \& Sons, Ltd}},
  issn = {0022-2445},
  doi = {10.1111/jomf.12604},
  url = {https://doi.org/10.1111/jomf.12604},
  urldate = {2021-08-16},
  keywords = {adult development,ambivalence,immigration/migrant families,intergenerational relationships,intergenerational transfers,social support}
}

@article{fingermanOnlyHappyLeast2012,
  title = {Only as {{Happy}} as the {{Least Happy Child}}: {{Multiple Grown Children}}'s {{Problems}} and {{Successes}} and {{Middle-aged Parents}}’ {{Well-being}}},
  author = {Fingerman, Karen L. and Cheng, Yen-Pi and Birditt, Kira and Zarit, Steven},
  date = {2012-03-01},
  journaltitle = {The Journals of Gerontology: Series B},
  shortjournal = {The Journals of Gerontology: Series B},
  volume = {67B},
  number = {2},
  pages = {184--193},
  issn = {1079-5014},
  doi = {10.1093/geronb/gbr086},
  url = {https://doi.org/10.1093/geronb/gbr086},
  urldate = {2021-06-03}
}

@article{fouargePersonalityTraitsMigration2019,
  title = {Personality Traits, Migration Intentions, and Cultural Distance},
  author = {Fouarge, Didier and Özer, Merve Nezihe and Seegers, Philipp},
  date = {2019-12-01},
  journaltitle = {Papers in Regional Science},
  shortjournal = {Papers in Regional Science},
  volume = {98},
  number = {6},
  pages = {2425--2454},
  publisher = {{John Wiley \& Sons, Ltd}},
  issn = {1056-8190},
  doi = {10.1111/pirs.12468},
  url = {https://doi.org/10.1111/pirs.12468},
  urldate = {2021-03-17},
  keywords = {Big Five personality traits,cultural distance,destination choice,migration intention}
}

@article{fraleyPatternsContinuityDynamic2005,
  title = {Patterns of {{Continuity}}: {{A Dynamic Model}} for {{Conceptualizing}} the {{Stability}} of {{Individual Differences}} in {{Psychological Constructs Across}} the {{Life Course}}.},
  author = {Fraley, R. Chris and Roberts, Brent W.},
  date = {2005},
  journaltitle = {Psychological Review},
  volume = {112},
  number = {1},
  pages = {60--74},
  publisher = {{American Psychological Association}},
  location = {{US}},
  issn = {1939-1471(Electronic),0033-295X(Print)},
  doi = {10.1037/0033-295X.112.1.60},
  keywords = {*Individual Differences,*Life Span,Models}
}

@article{freundBucketListEffect2020,
  title = {The Bucket List Effect: {{Why}} Leisure Goals Are Often Deferred until Retirement.},
  author = {Freund, Alexandra M.},
  date = {2020},
  journaltitle = {American Psychologist},
  volume = {75},
  number = {4},
  pages = {499--510},
  publisher = {{American Psychological Association}},
  location = {{US}},
  issn = {1935-990X(Electronic),0003-066X(Print)},
  doi = {10.1037/amp0000617},
  keywords = {*Aging,*Emerging Adulthood,*Family Work Relationship,*Life Expectancy,*Retirement,Expectations,Globalization,Goals,Society}
}

@article{galambosShapeHappinessLife2020,
  title = {The {{U Shape}} of {{Happiness Across}} the {{Life Course}}: {{Expanding}} the {{Discussion}}},
  author = {Galambos, Nancy L. and Krahn, Harvey J. and Johnson, Matthew D. and Lachman, Margie E.},
  date = {2020-05-06},
  journaltitle = {Perspectives on Psychological Science},
  shortjournal = {Perspect Psychol Sci},
  volume = {15},
  number = {4},
  pages = {898--912},
  publisher = {{SAGE Publications Inc}},
  issn = {1745-6916},
  doi = {10.1177/1745691620902428},
  url = {https://doi.org/10.1177/1745691620902428},
  urldate = {2021-03-12}
}

@article{garssenFertilityTurkishMoroccan2008,
  title = {Fertility of {{Turkish}} and {{Moroccan}} Women in the {{Netherlands}}},
  author = {Garssen, Joop and Nicolaas, Han},
  date = {2008},
  journaltitle = {Demographic Research},
  volume = {19},
  eprint = {26349274},
  eprinttype = {jstor},
  pages = {1249--1280},
  publisher = {{Max-Planck-Gesellschaft zur Foerderung der Wissenschaften}},
  issn = {14359871, 23637064},
  doi = {10.4054/DemRes.2008.19.33},
  url = {http://www.jstor.org/stable/26349274},
  urldate = {2021-03-22}
}

@article{gebauerCrossculturalVariationsBig2014,
  title = {Cross-Cultural Variations in {{Big Five}} Relationships with Religiosity: {{A}} Sociocultural Motives Perspective.},
  author = {Gebauer, Jochen E. and Bleidorn, Wiebke and Gosling, Samuel D. and Rentfrow, Peter J. and Lamb, Michael E. and Potter, Jeff},
  date = {2014},
  journaltitle = {Journal of Personality and Social Psychology},
  volume = {107},
  number = {6},
  pages = {1064--1091},
  publisher = {{American Psychological Association}},
  location = {{US}},
  issn = {1939-1315(Electronic),0022-3514(Print)},
  doi = {10.1037/a0037683},
  keywords = {*Cross Cultural Differences,*Five Factor Personality Model,*Motivation,*Religiosity,*Sociocultural Factors,Personality Traits}
}

@article{goldbergBroadbandwidthPublicDomain1999,
  title = {A Broad-Bandwidth, Public Domain, Personality Inventory Measuring the Lower-Level Facets of Several Five-Factor Models},
  author = {Goldberg, Lewis R.},
  date = {1999},
  journaltitle = {Personality Psychology in Europe},
  shortjournal = {Personality psychology in Europe},
  volume = {7},
  number = {1},
  pages = {7--28},
  publisher = {{The Netherlands}}
}

@article{goldbergDevelopmentMarkersBigFive1992,
  title = {The Development of Markers for the {{Big-Five}} Factor Structure.},
  author = {Goldberg, Lewis R.},
  date = {1992},
  journaltitle = {Psychological Assessment},
  volume = {4},
  number = {1},
  pages = {26--42},
  publisher = {{American Psychological Association}},
  location = {{US}},
  issn = {1939-134X(Electronic),1040-3590(Print)},
  doi = {10.1037/1040-3590.4.1.26},
  keywords = {*Factor Structure,*Personality Traits,Statistical Variables}
}

@article{golleSchoolWorkChoice2019,
  title = {School or Work? {{The}} Choice May Change Your Personality},
  author = {Golle, Jessika and Rose, Norman and Göllner, Richard and Spengler, Marion and Stoll, Gundula and Hübner, Nicolas and Rieger, Sven and Trautwein, Ulrich and Lüdtke, Oliver and Roberts, Brent W. and Nagengast, Benjamin},
  date = {2019-01-01},
  journaltitle = {Psychological Science},
  shortjournal = {Psychol Sci},
  volume = {30},
  number = {1},
  pages = {32--42},
  publisher = {{SAGE Publications Inc}},
  issn = {0956-7976},
  doi = {10.1177/0956797618806298},
  url = {https://doi.org/10.1177/0956797618806298},
  urldate = {2021-07-22}
}

@article{goodeTheoryRoleStrain1960,
  title = {A Theory of Role Strain.},
  author = {Goode, W. J.},
  date = {1960},
  journaltitle = {American Sociological Review},
  volume = {25},
  pages = {483--496},
  publisher = {{American Sociological Assn}},
  location = {{US}},
  issn = {1939-8271(Electronic),0003-1224(Print)},
  doi = {10.2307/2092933}
}

@article{goodmanGrandmothersRaisingGrandchildren2006,
  title = {Grandmothers {{Raising Grandchildren}}: {{Ethnic}} and {{Racial Differences}} in {{Well-Being Among Custodial}} and {{Coparenting Families}}},
  author = {Goodman, Catherine Chase and Silverstein, Merril},
  date = {2006-11-01},
  journaltitle = {Journal of Family Issues},
  shortjournal = {Journal of Family Issues},
  volume = {27},
  number = {11},
  pages = {1605--1626},
  publisher = {{SAGE Publications Inc}},
  issn = {0192-513X},
  doi = {10.1177/0192513X06291435},
  url = {https://doi.org/10.1177/0192513X06291435},
  urldate = {2022-01-31}
}

@article{gotmarkHumanFertilityRelation2020,
  title = {Human Fertility in Relation to Education, Economy, Religion, Contraception, and Family Planning Programs},
  author = {Götmark, Frank and Andersson, Malte},
  date = {2020-02-22},
  journaltitle = {BMC Public Health},
  shortjournal = {BMC Public Health},
  volume = {20},
  number = {1},
  pages = {265},
  issn = {1471-2458},
  doi = {10.1186/s12889-020-8331-7},
  url = {https://doi.org/10.1186/s12889-020-8331-7}
}

@article{gotzSmallEffectsIndispensable2021,
  title = {Small {{Effects}}: {{The Indispensable Foundation}} for a {{Cumulative Psychological Science}}},
  author = {Götz, Friedrich M. and Gosling, Samuel D. and Rentfrow, Peter J.},
  date = {2021-07-02},
  journaltitle = {Perspectives on Psychological Science},
  shortjournal = {Perspect Psychol Sci},
  pages = {Advance Online Publication},
  publisher = {{SAGE Publications Inc}},
  issn = {1745-6916},
  doi = {10.1177/1745691620984483},
  url = {https://doi.org/10.1177/1745691620984483},
  urldate = {2021-07-20}
}

@article{grahamTrajectoriesBigFive2020,
  title = {Trajectories of {{Big Five Personality Traits}}: {{A Coordinated Analysis}} of 16 {{Longitudinal Samples}}},
  author = {Graham, Eileen K. and Weston, Sara J. and Gerstorf, Denis and Yoneda, Tomiko B. and Booth, Tom and Beam, Christopher R. and Petkus, Andrew J. and Drewelies, Johanna and Hall, Andrew N. and Bastarache, Emily D. and Estabrook, Ryne and Katz, Mindy J. and Turiano, Nicholas A. and Lindenberger, Ulman and Smith, Jacqui and Wagner, Gert G. and Pedersen, Nancy L. and Allemand, Mathias and Spiro Iii, Avron and Deeg, Dorly J. H. and Johansson, Boo and Piccinin, Andrea M. and Lipton, Richard B. and Schaie, K. Warner and Willis, Sherry and Reynolds, Chandra A. and Deary, Ian J. and Hofer, Scott M. and Mroczek, Daniel K.},
  date = {2020-05-05},
  journaltitle = {European Journal of Personality},
  pages = {Advance Online Publication},
  issn = {0890-2070},
  doi = {10.1002/per.2259},
  keywords = {coordinated integrative data analysis,IALSA,lifespan development,open science,personality change,replication}
}

@article{greenlandCriticalLookMethods1995,
  title = {A {{Critical Look}} at {{Methods}} for {{Handling Missing Covariates}} in {{Epidemiologic Regression Analyses}}},
  author = {Greenland, Sander and Finkle, William D.},
  date = {1995-12-15},
  journaltitle = {American Journal of Epidemiology},
  shortjournal = {American Journal of Epidemiology},
  volume = {142},
  number = {12},
  pages = {1255--1264},
  issn = {0002-9262},
  doi = {10.1093/oxfordjournals.aje.a117592},
  url = {https://doi.org/10.1093/oxfordjournals.aje.a117592},
  urldate = {2021-04-14}
}

@article{greenlandQuantifyingBiasesCausal2003,
  title = {Quantifying Biases in Causal Models: {{Classical}} Confounding vs Collider-Stratification Bias},
  author = {Greenland, Sander},
  date = {2003},
  journaltitle = {Epidemiology},
  volume = {14},
  number = {3},
  pages = {300--306},
  doi = {10.1097/01.EDE.0000042804.12056.6C}
}

@article{grimmSecondorderGrowthMixture2009,
  title = {A Second-Order Growth Mixture Model for Developmental Research.},
  author = {Grimm, Kevin J. and Ram, Nilam},
  date = {2009},
  journaltitle = {Research in Human Development},
  volume = {6},
  number = {2-3},
  pages = {121--143},
  publisher = {{Taylor \& Francis}},
  location = {{United Kingdom}},
  issn = {1542-7617(Electronic),1542-7609(Print)},
  doi = {10.1080/15427600902911221},
  keywords = {*Behavior Problems,*Developmental Psychology,*Externalization,*Human Development,*Multivariate Analysis,Models}
}

@article{haehnerPerceptionMajorLife2022,
  title = {Perception of Major Life Events and Personality Trait Change},
  author = {Haehner, Peter and Rakhshani, Andrew and Fassbender, Ina and Lucas, Richard E and Donnellan, Michael Brent and Luhmann, Maike},
  date = {2022-06-21},
  journaltitle = {European Journal of Personality},
  shortjournal = {Eur J Pers},
  pages = {Advance Online Publication},
  publisher = {{SAGE Publications Ltd}},
  issn = {0890-2070},
  doi = {10.1177/08902070221107973},
  url = {https://doi.org/10.1177/08902070221107973},
  urldate = {2022-07-18}
}

@incollection{hagestadAgeLifeCourse1985,
  title = {Age and the Life Course},
  booktitle = {Handbook of Aging and the Social Sciences},
  author = {Hagestad, G. O. and Neugarten, B. L.},
  editor = {Shanas, E. and Binstock, R.},
  date = {1985},
  publisher = {{Van Nostrand and Reinhold}},
  location = {{New York}}
}

@article{hallbergPretestMeasuresStudy2018,
  title = {Pretest {{Measures}} of the {{Study Outcome}} and the {{Elimination}} of {{Selection Bias}}: {{Evidence}} from {{Three Within Study Comparisons}}},
  author = {Hallberg, Kelly and Cook, Thomas D. and Steiner, Peter M. and Clark, M. H.},
  date = {2018-04-01},
  journaltitle = {Prevention Science},
  volume = {19},
  number = {3},
  pages = {274--283},
  issn = {1573-6695},
  doi = {10.1007/s11121-016-0732-6}
}

@article{hankGrandparentsCaringTheir2009,
  title = {Grandparents {{Caring}} for Their {{Grandchildren}}: {{Findings From}} the 2004 {{Survey}} of {{Health}}, {{Ageing}}, and {{Retirement}} in {{Europe}}},
  author = {Hank, Karsten and Buber, Isabella},
  date = {2009},
  journaltitle = {Journal of Family Issues},
  shortjournal = {Journal of Family Issues},
  volume = {30},
  number = {1},
  pages = {53--73},
  publisher = {{SAGE Publications Inc}},
  issn = {0192-513X},
  doi = {10.1177/0192513X08322627},
  url = {https://doi.org/10.1177/0192513X08322627},
  urldate = {2021-05-17}
}

@article{hankWhatWeKnow2018,
  title = {What Do We Know about Grandparents? {{Insights}} from Current Quantitative Data and Identification of Future Data Needs},
  author = {Hank, Karsten and Cavrini, Giulia and Di Gessa, Giorgio and Tomassini, Cecilia},
  date = {2018-09-01},
  journaltitle = {European Journal of Ageing},
  volume = {15},
  number = {3},
  pages = {225--235},
  issn = {1613-9380},
  doi = {10.1007/s10433-018-0468-1}
}

@article{hayfordReligiosityFertilityUnited2008,
  title = {Religiosity and {{Fertility}} in the {{United States}}: {{The Role}} of {{Fertility Intentions}}},
  author = {Hayford, Sarah R. and Morgan, S. Philip},
  date = {2008-03-01},
  journaltitle = {Social Forces},
  shortjournal = {Social Forces},
  volume = {86},
  number = {3},
  pages = {1163--1188},
  issn = {0037-7732},
  doi = {10.1353/sof.0.0000},
  url = {https://doi.org/10.1353/sof.0.0000},
  urldate = {2021-03-17}
}

@article{hayslipGrandparentsRaisingGrandchildren2019,
  title = {Grandparents Raising Grandchildren: {{What}} Have We Learned over the Past Decade?},
  author = {Hayslip, Bert and Fruhauf, Christine A and Dolbin-MacNab, Megan L},
  date = {2019-05-17},
  journaltitle = {The Gerontologist},
  shortjournal = {The Gerontologist},
  volume = {59},
  number = {3},
  pages = {e152-e163},
  issn = {0016-9013},
  doi = {10.1093/geront/gnx106},
  url = {https://doi.org/10.1093/geront/gnx106},
  urldate = {2021-03-12}
}

@article{henneckeThreepartFrameworkSelfregulated2014,
  title = {A Three-Part Framework for Self-Regulated Personality Development across Adulthood},
  author = {Hennecke, Marie and Bleidorn, Wiebke and Denissen, Jaap J. A. and Wood, Dustin},
  date = {2014-05-01},
  journaltitle = {European Journal of Personality},
  volume = {28},
  number = {3},
  pages = {289--299},
  issn = {0890-2070},
  doi = {10.1002/per.1945},
  keywords = {expectancy,goals,motivation,personality development,self-regulation,value}
}

@article{henningRolePersonalitySubjective2017,
  title = {The Role of Personality for Subjective Well-Being in the Retirement Transition – {{Comparing}} Variable- and Person-Oriented Models},
  author = {Henning, Georg and Hansson, Isabelle and Berg, Anne Ingeborg and Lindwall, Magnus and Johansson, Boo},
  date = {2017-10-01},
  journaltitle = {Personality and Individual Differences},
  shortjournal = {Personality and Individual Differences},
  volume = {116},
  pages = {385--392},
  issn = {0191-8869},
  doi = {10.1016/j.paid.2017.05.017},
  url = {https://www.sciencedirect.com/science/article/pii/S0191886917303392},
  keywords = {Big Five,Personality types,Retirement transition,Well-being}
}

@article{hentschelInfluenceMajorLife2017,
  title = {The {{Influence}} of {{Major Life Events}} and {{Personality Traits}} on the {{Stability}} of {{Affective Well-Being}}},
  author = {Hentschel, Sophie and Eid, Michael and Kutscher, Tanja},
  date = {2017},
  journaltitle = {Journal of Happiness Studies},
  volume = {18},
  number = {3},
  pages = {719--741},
  issn = {13894978},
  doi = {10.1007/s10902-016-9744-y},
  keywords = {Major life events,MENTAL health,MOOD (Psychology),PERSONALITY,Personality traits,PSYCHOLOGY,Stability of affective well-being,WELL-being}
}

@article{hernanCausalAnalysesExisting2021,
  title = {Causal Analyses of Existing Databases: No Power Calculations Required},
  author = {Hernán, Miguel A.},
  date = {2021-08-27},
  journaltitle = {Journal of Clinical Epidemiology},
  shortjournal = {Journal of Clinical Epidemiology},
  issn = {0895-4356},
  doi = {10.1016/j.jclinepi.2021.08.028},
  url = {https://www.sciencedirect.com/science/article/pii/S0895435621002730},
  keywords = {Causal analysis,Causal inference,Meta-analysis,Observational analysis,Observational studies,Sample size,Statistical power,Statistical significance}
}

@book{hernanCausalInferenceWhat2020,
  title = {Causal {{Inference}}: {{What If}}},
  author = {Hernán, Miguel A and Robins, James M},
  date = {2020},
  publisher = {{Chapman \& Hall/CRC}},
  location = {{Boca Raton}},
  url = {https://www.hsph.harvard.edu/miguel-hernan/causal-inference-book/}
}

@article{hilbrandCaregivingFamilyAssociated2017,
  title = {Caregiving within and beyond the Family Is Associated with Lower Mortality for the Caregiver: {{A}} Prospective Study},
  author = {Hilbrand, Sonja and Coall, David A. and Gerstorf, Denis and Hertwig, Ralph},
  date = {2017},
  journaltitle = {Evolution and Human Behavior},
  volume = {38},
  number = {3},
  pages = {397--403},
  issn = {1090-5138},
  doi = {10.1016/j.evolhumbehav.2016.11.010},
  keywords = {Demographic transition,Grandmother hypothesis,Grandparental care,Human cooperation,Longevity,Mortality}
}

@article{hoffmanCatchingMultilevelModeling2022,
  title = {Catching up on Multilevel Modeling},
  author = {Hoffman, Lesa and Walters, Ryan W.},
  date = {2022-01-04},
  journaltitle = {Annual Review of Psychology},
  shortjournal = {Annu. Rev. Psychol.},
  volume = {73},
  number = {1},
  pages = {659--689},
  publisher = {{Annual Reviews}},
  issn = {0066-4308},
  doi = {10.1146/annurev-psych-020821-103525},
  url = {https://doi.org/10.1146/annurev-psych-020821-103525},
  urldate = {2022-11-29}
}

@book{hoffmanLongitudinalAnalysisModeling2015,
  title = {Longitudinal Analysis: {{Modeling}} within-Person Fluctuation and Change},
  author = {Hoffman, Lesa},
  date = {2015},
  series = {Multivariate Applications Series},
  publisher = {{Routledge/Taylor \& Francis Group}},
  location = {{New York, NY}},
  isbn = {978-0-415-87600-1 978-0-415-87602-5 978-1-315-74409-4},
  keywords = {advanced linear models,longitudinal analysis,Longitudinal Studies,modeling,Models,person fluctuation,Simulation}
}

@article{hoffmanMultilevelModelsExamining2007,
  title = {Multilevel {{Models}} for {{Examining Individual Differences}} in {{Within-Person Variation}} and {{Covariation Over Time}}},
  author = {Hoffman, Lesa},
  date = {2007-12-28},
  journaltitle = {Multivariate Behavioral Research},
  shortjournal = {null},
  volume = {42},
  number = {4},
  pages = {609--629},
  publisher = {{Routledge}},
  issn = {0027-3171},
  doi = {10.1080/00273170701710072},
  url = {https://doi.org/10.1080/00273170701710072}
}

@article{hughesAllFamilyImpact2007,
  title = {All in the {{Family}}: {{The Impact}} of {{Caring}} for {{Grandchildren}} on {{Grandparents}}' {{Health}}},
  author = {Hughes, Mary Elizabeth and Waite, Linda J. and LaPierre, Tracey A. and Luo, Ye},
  date = {2007-03-01},
  journaltitle = {The Journals of Gerontology: Series B},
  shortjournal = {The Journals of Gerontology: Series B},
  volume = {62},
  number = {2},
  pages = {S108-S119},
  issn = {1079-5014},
  doi = {10.1093/geronb/62.2.S108},
  url = {https://doi.org/10.1093/geronb/62.2.S108},
  urldate = {2022-01-31}
}

@article{huttemanDevelopmentalTasksFramework2014,
  title = {Developmental Tasks as a Framework to Study Personality Development in Adulthood and Old Age},
  author = {Hutteman, Roos and Hennecke, Marie and Orth, Ulrich and Reitz, Anne K. and Specht, Jule},
  date = {2014},
  journaltitle = {European Journal of Personality},
  volume = {28},
  number = {3},
  pages = {267--278},
  issn = {0890-2070},
  doi = {10.1002/per.1959}
}

@incollection{imbensRubinCausalModel2010,
  title = {Rubin {{Causal Model}}},
  booktitle = {Microeconometrics},
  author = {Imbens, Guido W. and Rubin, Donald B.},
  editor = {Durlauf, Steven N. and Blume, Lawrence E.},
  date = {2010},
  pages = {229--241},
  publisher = {{Palgrave Macmillan UK}},
  location = {{London}},
  doi = {10.1057/9780230280816_28},
  url = {https://doi.org/10.1057/9780230280816_28},
  isbn = {978-0-230-28081-6}
}

@article{infurnaChangesLifeSatisfaction2017b,
  title = {Changes in Life Satisfaction When Losing One's Spouse: {{Individual}} Differences in Anticipation, Reaction, Adaptation and Longevity in the {{German Socio-economic Panel Study}} ({{SOEP}}).},
  author = {Infurna, Frank J. and Wiest, Maja and Gerstorf, Denis and Ram, Nilam and Schupp, Jürgen and Wagner, Gert G. and Heckhausen, Jutta},
  date = {2017},
  journaltitle = {Ageing \& Society},
  volume = {37},
  number = {5},
  pages = {899--934},
  publisher = {{Cambridge University Press}},
  location = {{United Kingdom}},
  issn = {1469-1779(Electronic),0144-686X(Print)},
  doi = {10.1017/S0144686X15001543},
  keywords = {*Expectations,*Life Expectancy,*Spouses,Death and Dying,Grief,Life Satisfaction,Well Being}
}

@article{infurnaMidlife2020sOpportunities2020,
  title = {Midlife in the 2020s: {{Opportunities}} and Challenges.},
  author = {Infurna, Frank J. and Gerstorf, Denis and Lachman, Margie E.},
  date = {2020},
  journaltitle = {American Psychologist},
  volume = {75},
  number = {4},
  pages = {470--485},
  publisher = {{American Psychological Association}},
  location = {{US}},
  issn = {1935-990X(Electronic),0003-066X(Print)},
  doi = {10.1037/amp0000591},
  keywords = {*Adult Development,*Life Changes,*Policy Making,*Resilience (Psychological),Diversity,Finance,Intergenerational Relations,Mental Health,Middle Adulthood,Narratives,Physical Health,Racial and Ethnic Differences,Sexual Orientation,Socioeconomic Status,Trends}
}

@article{infurnaMultidimensionalNatureResilience2017,
  title = {The Multidimensional Nature of Resilience to Spousal Loss.},
  author = {Infurna, Frank J. and Luthar, Suniya S.},
  date = {2017},
  journaltitle = {Journal of Personality and Social Psychology},
  volume = {112},
  number = {6},
  pages = {926--947},
  publisher = {{American Psychological Association}},
  location = {{US}},
  issn = {1939-1315(Electronic),0022-3514(Print)},
  doi = {10.1037/pspp0000095},
  keywords = {*Bereavement,*Resilience (Psychological),*Spouses,*Stress,Adjustment,Well Being}
}

@article{infurnaUtilizingPrinciplesLifeSpan2021,
  title = {Utilizing {{Principles}} of {{Life-Span Developmental Psychology}} to {{Study}} the {{Complexities}} of {{Resilience Across}} the {{Adult Life Span}}},
  author = {Infurna, Frank J.},
  date = {2021-09-01},
  journaltitle = {The Gerontologist},
  shortjournal = {The Gerontologist},
  volume = {61},
  number = {6},
  pages = {807--818},
  issn = {0016-9013},
  doi = {10.1093/geront/gnab086},
  url = {https://doi.org/10.1093/geront/gnab086},
  urldate = {2021-08-13}
}

@article{jacksonPersonalityDevelopmentMean2021,
  title = {Personality Development beyond the Mean: {{Do}} Life Events Shape Personality Variability, Structure, and Ipsative Continuity?},
  author = {Jackson, Joshua J and Beck, Emorie D},
  date = {2021-01-01},
  journaltitle = {The Journals of Gerontology: Series B},
  shortjournal = {The Journals of Gerontology: Series B},
  volume = {76},
  number = {1},
  pages = {20--30},
  issn = {1079-5014},
  doi = {10.1093/geronb/gbaa093},
  url = {https://doi.org/10.1093/geronb/gbaa093},
  urldate = {2021-07-26}
}

@incollection{johnBigFiveTrait1999,
  title = {The {{Big Five Trait}} Taxonomy: {{History}}, Measurement, and Theoretical Perspectives.},
  booktitle = {Handbook of Personality: {{Theory}} and Research, 2nd Ed.},
  author = {John, Oliver P. and Srivastava, Sanjay},
  editor = {Pervin, L. A. and John, Oliver P.},
  date = {1999},
  pages = {102--138},
  publisher = {{Guilford Press}},
  location = {{New York,  NY,  US}},
  isbn = {1-57230-483-9 (Hardcover)},
  keywords = {*Five Factor Personality Model,*Personality Theory,*Taxonomies,History of Psychology,Psychometrics}
}

@incollection{johnParadigmShiftIntegrative2008,
  title = {Paradigm Shift to the Integrative {{Big Five}} Trait Taxonomy: {{History}}, Measurement, and Conceptual Issues.},
  booktitle = {Handbook of Personality: {{Theory}} and Research},
  author = {John, Oliver P. and Naumann, Laura P. and Soto, Christopher J.},
  editor = {John, O. P. and Robins, R. W. and Pervin, L. A.},
  date = {2008},
  pages = {114--158},
  publisher = {{The Guilford Press}},
  location = {{New York,  NY,  US}},
  isbn = {978-1-59385-836-0 (Hardcover)},
  keywords = {*Five Factor Personality Model,*Personality Measures,*Personality Theory,*Personality Traits,Experimentation,History}
}

@article{johnsonImpactHavingChildren2006,
  title = {The Impact of Having Children on the Lives of Women: {{The Effects}} of {{Children Questionnaire}}},
  author = {Johnson, Amber B. and Rodgers, Joseph Lee},
  date = {2006},
  journaltitle = {Journal of Applied Social Psychology},
  volume = {36},
  number = {11},
  pages = {2685--2714},
  issn = {00219029},
  doi = {10.1111/j.0021-9029.2006.00123.x},
  keywords = {Child rearing,Childbirth,Divorce,Fertility,Marital satisfaction,Middle class women,Parenthood,PSYCHOLOGY,Single mothers}
}

@article{jokelaPersonalityPredictsMigration2009,
  title = {Personality Predicts Migration within and between {{U}}.{{S}}. States},
  author = {Jokela, Markus},
  date = {2009-02-01},
  journaltitle = {Journal of Research in Personality},
  shortjournal = {Journal of Research in Personality},
  volume = {43},
  number = {1},
  pages = {79--83},
  issn = {0092-6566},
  doi = {10.1016/j.jrp.2008.09.005},
  url = {https://www.sciencedirect.com/science/article/pii/S0092656608001402},
  keywords = {Agreeableness,Demography,Extraversion,Migration,Neighborhood,Openness to experience,Population,Residential mobility}
}

@article{jokelaTemperamentMigrationPatterns2008,
  title = {Temperament and {{Migration Patterns}} in {{Finland}}},
  author = {Jokela, Markus and Elovainio, Marko and Kivimäki, Mika and Keltikangas-Järvinen, Lüsa},
  date = {2008-09-01},
  journaltitle = {Psychological Science},
  shortjournal = {Psychol Sci},
  volume = {19},
  number = {9},
  pages = {831--837},
  publisher = {{SAGE Publications Inc}},
  issn = {0956-7976},
  doi = {10.1111/j.1467-9280.2008.02164.x},
  url = {https://doi.org/10.1111/j.1467-9280.2008.02164.x},
  urldate = {2021-03-17}
}

@article{jonesRollmatchPackageRolling2019,
  title = {Rollmatch: {{An R Package}} for {{Rolling Entry Matching}}},
  author = {Jones, Kasey and Chew, Rob and Witman, Allison and Liu, Yiyan},
  date = {2019},
  journaltitle = {The R Journal},
  volume = {11},
  number = {2},
  pages = {243--253},
  issn = {2073-4859}
}

@article{kandlerCoreSurfaceCharacteristics2014,
  title = {Core and {{Surface Characteristics}} for the {{Description}} and {{Theory}} of {{Personality Differences}} and {{Development}}},
  author = {Kandler, Christian and Zimmermann, Julia and Mcadams, Dan},
  date = {2014-05-01},
  journaltitle = {European Journal of Personality},
  shortjournal = {European Journal of Personality},
  volume = {28},
  number = {3},
  pages = {231--243},
  doi = {10.1002/per.1952}
}

@article{kandlerPatternsSourcesPersonality2015a,
  title = {Patterns and Sources of Personality Development in Old Age.},
  author = {Kandler, Christian and Kornadt, Anna E. and Hagemeyer, Birk and Neyer, Franz J.},
  date = {2015},
  journaltitle = {Journal of Personality and Social Psychology},
  volume = {109},
  number = {1},
  pages = {175--191},
  publisher = {{American Psychological Association}},
  location = {{US}},
  issn = {1939-1315(Electronic),0022-3514(Print)},
  doi = {10.1037/pspp0000028},
  keywords = {*Aging,*Individual Differences,*Older Adulthood,*Personality Development,*Personality Traits,Agreeableness,Conscientiousness,Environment,Extraversion,Genetics,Neuroticism,Openness to Experience,Well Being}
}

@article{kimPsychologicalWellbeingGrandparents2017,
  title = {The Psychological Well-Being of Grandparents Who Provide Supplementary Grandchild Care: {{A}} Systematic Review},
  author = {Kim, Hye-Jin and Kang, Hyun and Johnson-Motoyama, Michelle},
  date = {2017-01-02},
  journaltitle = {Journal of Family Studies},
  volume = {23},
  number = {1},
  pages = {118--141},
  issn = {1322-9400},
  doi = {10.1080/13229400.2016.1194306}
}

@article{kivnickGrandparenthoodOverviewMeaning1982,
  title = {Grandparenthood: {{An Overview}} of {{Meaning}} and {{Mental Health1}}},
  author = {Kivnick, Helen Q.},
  date = {1982-02-01},
  journaltitle = {The Gerontologist},
  shortjournal = {The Gerontologist},
  volume = {22},
  number = {1},
  pages = {59--66},
  issn = {0016-9013},
  doi = {10.1093/geront/22.1.59},
  url = {https://doi.org/10.1093/geront/22.1.59},
  urldate = {2021-03-25}
}

@article{kolkCausalEffectAdditional2015,
  title = {The Causal Effect of an Additional Sibling on Completed Fertility: {{An}} Estimation of Intergenerational Fertility Correlations by Looking at Siblings of Twins},
  author = {Kolk, Martin},
  date = {2015-01-04},
  journaltitle = {Demographic Research},
  shortjournal = {Demographic Research},
  volume = {32},
  number = {51},
  pages = {1409--1420},
  issn = {1435-9871},
  url = {https://www.demographic-research.org/volumes/vol32/51/}
}

@article{kolkDemographicEducationalSuccess2017,
  title = {Demographic and {{Educational Success}} of {{Lineages}} in {{Northern Sweden}}},
  author = {Kolk, Martin and Hällsten, Martin},
  date = {2017-09-01},
  journaltitle = {Population and Development Review},
  shortjournal = {Population and Development Review},
  volume = {43},
  number = {3},
  pages = {491--512},
  publisher = {{John Wiley \& Sons, Ltd}},
  issn = {0098-7921},
  doi = {10.1111/padr.12091},
  url = {https://doi.org/10.1111/padr.12091},
  urldate = {2021-06-03}
}

@article{koots-ausmeesAssociationLifeSatisfaction2015a,
  title = {The {{Association}} between {{Life Satisfaction}} and {{Self}}–{{Reported Health Status}} in {{Europe}}},
  author = {Kööts–Ausmees, Liisi and Realo, Anu},
  date = {2015-11-01},
  journaltitle = {European Journal of Personality},
  shortjournal = {Eur J Pers},
  volume = {29},
  number = {6},
  pages = {647--657},
  publisher = {{SAGE Publications Ltd}},
  issn = {0890-2070},
  doi = {10.1002/per.2037},
  url = {https://doi.org/10.1002/per.2037},
  urldate = {2021-03-17}
}

@article{kramerImpactHavingChildren2020,
  title = {The Impact of Having Children on Domain-Specific Life Satisfaction: {{A}} Quasi-Experimental Longitudinal Investigation Using the {{Socio-Economic Panel}} ({{SOEP}}) Data.},
  author = {Krämer, Michael D. and Rodgers, Joseph Lee},
  date = {2020},
  journaltitle = {Journal of Personality and Social Psychology},
  volume = {119},
  number = {6},
  pages = {1497--1514},
  publisher = {{American Psychological Association}},
  location = {{US}},
  issn = {1939-1315(Electronic),0022-3514(Print)},
  doi = {10.1037/pspp0000279},
  keywords = {*Birth,*Income Level,*Life Satisfaction,*Parents,*Satisfaction,Childlessness,Family Relations,Health,Leisure Time,Sleep}
}

@article{kritzlerHowAreCommon2023,
  title = {How Are Common Major Live Events Perceived? {{Exploring}} Differences between and Variability of Different Typical Event Profiles and Raters},
  author = {Kritzler, Sarah and Rakhshani, Andrew and Terwiel, Sophia and Fassbender, Ina and Donnellan, M Brent and Lucas, Richard E and Luhmann, Maike},
  date = {2023},
  journaltitle = {European Journal of Personality},
  shortjournal = {Eur J Pers},
  volume = {37},
  number = {2},
  pages = {171--186},
  publisher = {{SAGE Publications Ltd}},
  issn = {0890-2070},
  doi = {10.1177/08902070221076586},
  url = {https://doi.org/10.1177/08902070221076586},
  urldate = {2022-03-23}
}

@book{lachmanMidlifeDevelopmentInventory1997,
  title = {The {{Midlife Development Inventory}} ({{MIDI}}) Personality Scales: {{Scale}} Construction and Scoring},
  author = {Lachman, Margie E and Weaver, Suzanne L},
  date = {1997},
  publisher = {{Brandeis University}},
  location = {{Waltham, MA}},
  url = {https://www.brandeis.edu/psychology/lachman/pdfs/midi-personality-scales.pdfAOvVaw1Hh7MFTM51uU7UScd1LT3o}
}

@article{langDetectingConsensusEmergence2021,
  title = {Detecting {{Consensus Emergence}} in {{Organizational Multilevel Data}}: {{Power Simulations}}},
  author = {Lang, Jonas W. B. and Bliese, Paul D. and Runge, J. Malte},
  date = {2021-04-01},
  journaltitle = {Organizational Research Methods},
  shortjournal = {Organizational Research Methods},
  volume = {24},
  number = {2},
  pages = {319--341},
  publisher = {{SAGE Publications Inc}},
  issn = {1094-4281},
  doi = {10.1177/1094428119873950},
  url = {https://doi.org/10.1177/1094428119873950},
  urldate = {2021-06-16}
}

@article{langModelingConsensusEmergence2018,
  title = {Modeling Consensus Emergence in Groups Using Longitudinal Multilevel Methods},
  author = {Lang, Jonas W. B. and Bliese, Paul D. and family=Voogt, given=Alex, prefix=de, useprefix=true},
  date = {2018-06-01},
  journaltitle = {Personnel Psychology},
  shortjournal = {Personnel Psychology},
  volume = {71},
  number = {2},
  pages = {255--281},
  publisher = {{John Wiley \& Sons, Ltd}},
  issn = {0031-5826},
  doi = {10.1111/peps.12260},
  url = {https://doi.org/10.1111/peps.12260},
  urldate = {2021-06-16}
}

@article{langOpeningBlackBox2019,
  title = {Opening the {{Black Box}}: {{A Multilevel Framework}} for {{Studying Group Processes}}},
  author = {Lang, Jonas W. B. and Bliese, Paul D. and Adler, Amy B.},
  date = {2019-09-01},
  journaltitle = {Advances in Methods and Practices in Psychological Science},
  shortjournal = {Advances in Methods and Practices in Psychological Science},
  volume = {2},
  number = {3},
  pages = {271--287},
  publisher = {{SAGE Publications Inc}},
  issn = {2515-2459},
  doi = {10.1177/2515245918823722},
  url = {https://doi.org/10.1177/2515245918823722},
  urldate = {2021-06-16}
}

@article{lavaan2012,
  title = {{{lavaan}}: {{An R}} Package for Structural Equation Modeling},
  author = {Rosseel, Yves},
  date = {2012},
  journaltitle = {Journal of Statistical Software},
  volume = {48},
  number = {2},
  pages = {1--36},
  doi = {10.18637/jss.v048.i02},
  url = {http://www.jstatsoft.org/v48/i02/}
}

@article{leopoldDelayGrandparenthoodCohort2015,
  title = {The {{Delay}} of {{Grandparenthood}}: {{A Cohort Comparison}} in {{East}} and {{West Germany}}},
  author = {Leopold, Thomas and Skopek, Jan},
  date = {2015-04-01},
  journaltitle = {Journal of Marriage and Family},
  shortjournal = {Journal of Marriage and Family},
  volume = {77},
  number = {2},
  pages = {441--460},
  publisher = {{John Wiley \& Sons, Ltd}},
  issn = {0022-2445},
  doi = {10.1111/jomf.12169},
  url = {https://doi.org/10.1111/jomf.12169},
  urldate = {2021-06-03},
  keywords = {aging,family dynamics,grandchildren,grandparents,multiple roles,transitions}
}

@article{leopoldDemographyGrandparenthoodInternational2015,
  title = {The {{Demography}} of {{Grandparenthood}}: {{An International Profile}}},
  author = {Leopold, Thomas and Skopek, Jan},
  date = {2015},
  journaltitle = {Social Forces},
  volume = {94},
  number = {2},
  pages = {801--832},
  issn = {0037-7732},
  doi = {10.1093/sf/sov066}
}

@article{leopoldDivorceMorePainful2016,
  title = {Is Divorce More Painful When Couples Have Children? {{Evidence}} from Long-Term Panel Data on Multiple Domains of Well-Being},
  author = {Leopold, Thomas and Kalmijn, Matthijs},
  date = {2016-12-01},
  journaltitle = {Demography},
  volume = {53},
  number = {6},
  pages = {1717--1742},
  issn = {1533-7790},
  doi = {10.1007/s13524-016-0518-2}
}

@article{leopoldParentsDeathAdult2015,
  title = {Parents' {{Death}} and {{Adult Well-being}}: {{Gender}}, {{Age}}, and {{Adaptation}} to {{Filial Bereavement}}},
  author = {Leopold, Thomas and Lechner, Clemens M.},
  date = {2015-06-01},
  journaltitle = {Journal of Marriage and Family},
  volume = {77},
  number = {3},
  pages = {747--760},
  issn = {0022-2445},
  doi = {10.1111/jomf.12186},
  keywords = {family stress and/or crisis,intergenerational relations fixed effects models,life events and/or transitions,well-being}
}

@article{lesterNuisanceNovelResearch2021,
  title = {From {{Nuisance}} to {{Novel Research Questions}}: {{Using Multilevel Models}} to {{Predict Heterogeneous Variances}}},
  author = {Lester, Houston F. and Cullen-Lester, Kristin L. and Walters, Ryan W.},
  date = {2021-04-01},
  journaltitle = {Organizational Research Methods},
  shortjournal = {Organizational Research Methods},
  volume = {24},
  number = {2},
  pages = {342--388},
  publisher = {{SAGE Publications Inc}},
  issn = {1094-4281},
  doi = {10.1177/1094428119887434},
  url = {https://doi.org/10.1177/1094428119887434},
  urldate = {2021-06-15}
}

@article{liUsingPropensityScore2013,
  title = {Using the {{Propensity Score Method}} to {{Estimate Causal Effects}}: {{A Review}} and {{Practical Guide}}},
  author = {Li, Mingxiang},
  date = {2013-04-01},
  journaltitle = {Organizational Research Methods},
  shortjournal = {Organizational Research Methods},
  volume = {16},
  number = {2},
  pages = {188--226},
  publisher = {{SAGE Publications Inc}},
  issn = {1094-4281},
  doi = {10.1177/1094428112447816},
  url = {https://doi.org/10.1177/1094428112447816},
  urldate = {2021-07-26}
}

@article{lodi-smithSocialInvestmentPersonality2007,
  title = {Social Investment and Personality: {{A}} Meta-Analysis of the Relationship of Personality Traits to Investment in Work, Family, Religion, and Volunteerism},
  author = {Lodi-Smith, Jennifer and Roberts, Brent W.},
  date = {2007-02-01},
  journaltitle = {Personality and Social Psychology Review},
  shortjournal = {Pers Soc Psychol Rev},
  volume = {11},
  number = {1},
  pages = {68--86},
  publisher = {{SAGE Publications Inc}},
  issn = {1088-8683},
  doi = {10.1177/1088868306294590},
  url = {https://doi.org/10.1177/1088868306294590},
  urldate = {2021-03-30}
}

@article{luanYouSeeMy2017,
  title = {Do You See My Growth? {{Two}} Longitudinal Studies on Personality Development from Childhood to Young Adulthood from Multiple Perspectives},
  author = {Luan, Ziyan and Hutteman, Roos and Denissen, Jaap J. A. and Asendorpf, Jens B. and family=Aken, given=Marcel A. G., prefix=van, useprefix=true},
  date = {2017},
  journaltitle = {Journal of Research in Personality},
  volume = {67},
  pages = {44--60},
  issn = {0092-6566(Print)},
  doi = {10.1016/j.jrp.2016.03.004},
  keywords = {*Age Differences,*Judgment,Personality Development}
}

@article{lucasHowStableHappiness2007,
  title = {How Stable Is Happiness? {{Using}} the {{STARTS}} Model to Estimate the Stability of Life Satisfaction},
  author = {Lucas, Richard E. and Donnellan, M. Brent},
  date = {2007-10-01},
  journaltitle = {Journal of Research in Personality},
  shortjournal = {Journal of Research in Personality},
  volume = {41},
  number = {5},
  pages = {1091--1098},
  issn = {0092-6566},
  doi = {10.1016/j.jrp.2006.11.005},
  url = {https://www.sciencedirect.com/science/article/pii/S0092656606001395},
  keywords = {Life satisfaction,Stability,STARTS model,Subjective well-being}
}

@article{lucasPersonalityDevelopmentLife2011,
  title = {Personality Development across the Life Span: {{Longitudinal}} Analyses with a National Sample from {{Germany}}},
  author = {Lucas, Richard E. and Donnellan, M. Brent},
  date = {2011},
  journaltitle = {Journal of Personality and Social Psychology},
  volume = {101},
  number = {4},
  pages = {847--861},
  issn = {1939-1315(Electronic),0022-3514(Print)},
  doi = {10.1037/a0024298},
  keywords = {*Five Factor Personality Model,*Personality Development,*Personality Traits,Life Span}
}

@article{ludtkeRandomWalkUniversity2011,
  title = {A Random Walk down University Avenue: {{Life}} Paths, Life Events, and Personality Trait Change at the Transition to University Life},
  author = {Lüdtke, Oliver and Roberts, Brent W. and Trautwein, Ulrich and Nagy, Gabriel},
  date = {2011},
  journaltitle = {Journal of Personality and Social Psychology},
  volume = {101},
  number = {3},
  pages = {620--637},
  issn = {1939-1315(Electronic),0022-3514(Print)},
  doi = {10.1037/a0023743},
  keywords = {*Adult Development,*Life Changes,*Life Experiences,*Personality Development,*Personality Traits,Adolescent Development,Five Factor Personality Model}
}

@article{luhmannDimensionalTaxonomyPerceived2021,
  title = {A Dimensional Taxonomy of Perceived Characteristics of Major Life Events},
  author = {Luhmann, Maike and Fassbender, Ina and Alcock, Mark and Haehner, Peter},
  date = {2021},
  journaltitle = {Journal of Personality and Social Psychology},
  volume = {121},
  number = {3},
  pages = {633--668},
  issn = {1939-1315(Electronic),0022-3514(Print)},
  doi = {10.1037/pspp0000291},
  keywords = {*Life Experiences,*Personality Development,*Taxonomies,*Well Being,*World View,Affective Valence,Factor Structure,Posttraumatic Growth,Psychological Consequence,Social Status,Test Construction}
}

@article{luhmannStudyingChangesLife2014,
  title = {Studying Changes in Life Circumstances and Personality: {{It}}'s about Time},
  author = {Luhmann, Maike and Orth, Ulrich and Specht, Jule and Kandler, Christian and Lucas, Richard E.},
  date = {2014},
  journaltitle = {European Journal of Personality},
  volume = {28},
  number = {3},
  pages = {256--266},
  issn = {08902070},
  doi = {10.1002/per.1951},
  keywords = {LIFE change events,life circumstances,life events,LONGITUDINAL method,longitudinal methods,PERSONALITY change,PERSONALITY development,PSYCHOLOGICAL research,subjective well-being,SUBJECTIVE well-being (Psychology),subjective well‐being}
}

@article{luhmannSubjectiveWellbeingAdaptation2012,
  title = {Subjective Well-Being and Adaptation to Life Events: {{A}} Meta-Analysis},
  author = {Luhmann, Maike and Hofmann, Wilhelm and Eid, Michael and Lucas, Richard E.},
  date = {2012},
  journaltitle = {Journal of Personality and Social Psychology},
  volume = {102},
  number = {3},
  pages = {592--615},
  issn = {0022-3514 1939-1315},
  doi = {10.1037/a0025948},
  keywords = {Adjustment,affective well-being,Cognitive Ability,cognitive well-being,Emotional Adjustment,Emotional States,life satisfaction,Life Satisfaction,longitudinal meta-analysis,positive and negative affect,Well Being}
}

@article{lumsdaineRetirementTimingWomen2015,
  title = {Retirement Timing of Women and the Role of Care Responsibilities for Grandchildren},
  author = {Lumsdaine, Robin L and Vermeer, Stephanie J C},
  date = {2015-04},
  journaltitle = {Demography},
  shortjournal = {Demography},
  volume = {52},
  number = {2},
  eprint = {25828723},
  eprinttype = {pubmed},
  pages = {433--454},
  issn = {0070-3370},
  doi = {10.1007/s13524-015-0382-5},
  url = {https://pubmed.ncbi.nlm.nih.gov/25828723},
  langid = {english},
  keywords = {*Family Characteristics,*Intergenerational Relations,Altruism,Caregivers/*statistics & numerical data,Female,Health Status,Humans,Middle Aged,Retirement/*statistics & numerical data,Socioeconomic Factors,Women; Working/*statistics & numerical data}
}

@article{maccallumPracticeDichotomizationQuantitative2002,
  title = {On the Practice of Dichotomization of Quantitative Variables.},
  author = {MacCallum, Robert C. and Zhang, Shaobo and Preacher, Kristopher J. and Rucker, Derek D.},
  date = {2002},
  journaltitle = {Psychological Methods},
  volume = {7},
  number = {1},
  pages = {19--40},
  publisher = {{American Psychological Association}},
  location = {{US}},
  issn = {1939-1463(Electronic),1082-989X(Print)},
  doi = {10.1037/1082-989X.7.1.19},
  keywords = {*Methodology,*Statistical Analysis,*Statistical Measurement,Statistical Variables}
}

@article{mahneGrandparenthoodSubjectiveWellBeing2014,
  title = {Grandparenthood and {{Subjective Well-Being}}: {{Moderating Effects}} of {{Educational Level}}},
  author = {Mahne, Katharina and Huxhold, Oliver},
  date = {2014},
  journaltitle = {The Journals of Gerontology: Series B},
  volume = {70},
  number = {5},
  pages = {782--792},
  issn = {1079-5014},
  doi = {10.1093/geronb/gbu147}
}

@article{mahneImportanceGrandparentRole2012,
  title = {The Importance of the Grandparent Role: {{A}} Class Specific Phenomenon? {{Evidence}} from {{Germany}}},
  author = {Mahne, Katharina and Motel-Klingebiel, Andreas},
  date = {2012},
  journaltitle = {Advances in life course research},
  shortjournal = {Advances in life course research},
  volume = {17},
  number = {3},
  pages = {145--155},
  publisher = {{Elsevier}},
  issn = {1040-2608},
  doi = {10.1016/j.alcr.2012.06.001}
}

@incollection{mahneZwischenEnkelgluckUnd2017,
  title = {Zwischen {{Enkelglück}} Und ({{Groß-}}){{Elternpflicht}} – Die {{Bedeutung}} Und {{Ausgestaltung}} von {{Beziehungen}} Zwischen {{Großeltern}} Und {{Enkelkindern}}},
  booktitle = {Altern Im {{Wandel}}: {{Zwei Jahrzehnte Deutscher Alterssurvey}} ({{DEAS}})},
  author = {Mahne, Katharina and Klaus, Daniela},
  editor = {Mahne, Katharina and Wolff, Julia Katharina and Simonson, Julia and Tesch-Römer, Clemens},
  date = {2017},
  pages = {231--245},
  publisher = {{Springer Fachmedien Wiesbaden}},
  location = {{Wiesbaden}},
  doi = {10.1007/978-3-658-12502-8_15},
  url = {https://doi.org/10.1007/978-3-658-12502-8_15},
  isbn = {978-3-658-12502-8}
}

@article{mannGrandfathersContemporaryFamilies2010,
  title = {Grandfathers in {{Contemporary Families}} in {{Britain}}: {{Evidence}} from {{Qualitative Research}}},
  author = {Mann, Robin and Leeson, George},
  date = {2010-09-01},
  journaltitle = {Journal of Intergenerational Relationships},
  shortjournal = {null},
  volume = {8},
  number = {3},
  pages = {234--248},
  publisher = {{Routledge}},
  issn = {1535-0770},
  doi = {10.1080/15350770.2010.498774},
  url = {https://doi.org/10.1080/15350770.2010.498774}
}

@article{mannOutShadowsGrandfatherhood2007,
  title = {Out of the Shadows?: {{Grandfatherhood}}, Age and Masculinities},
  author = {Mann, Robin},
  date = {2007-12-01},
  journaltitle = {Masculinity and Aging},
  shortjournal = {Journal of Aging Studies},
  volume = {21},
  number = {4},
  pages = {281--291},
  issn = {0890-4065},
  doi = {10.1016/j.jaging.2007.05.008},
  url = {https://www.sciencedirect.com/science/article/pii/S0890406507000308},
  keywords = {Gender,Grandfathers,Grandparenthood,Masculinity,Role}
}

@article{margolisCohortPerspectiveDemography2019,
  title = {A Cohort Perspective on the Demography of Grandparenthood: {{Past}}, Present, and Future Changes in Race and Sex Disparities in the {{United States}}},
  author = {Margolis, Rachel and Verdery, Ashton M.},
  date = {2019-08-01},
  journaltitle = {Demography},
  shortjournal = {Demography},
  volume = {56},
  number = {4},
  pages = {1495--1518},
  issn = {1533-7790},
  doi = {10.1007/s13524-019-00795-1},
  url = {https://doi.org/10.1007/s13524-019-00795-1}
}

@article{margolisHealthyGrandparenthoodHow2017,
  title = {Healthy {{Grandparenthood}}: {{How Long Is It}}, and {{How Has It Changed}}?},
  author = {Margolis, Rachel and Wright, Laura},
  date = {2017-10-10},
  journaltitle = {Demography},
  shortjournal = {Demography},
  volume = {54},
  number = {6},
  pages = {2073--2099},
  issn = {0070-3370},
  doi = {10.1007/s13524-017-0620-0},
  url = {https://doi.org/10.1007/s13524-017-0620-0},
  urldate = {2021-04-01}
}

@article{marshMeasurementInvarianceBigfive2013,
  title = {Measurement Invariance of Big-Five Factors over the Life Span: {{ESEM}} Tests of Gender, Age, Plasticity, Maturity, and La Dolce Vita Effects.},
  author = {Marsh, Herbert W. and Nagengast, Benjamin and Morin, Alexandre J. S.},
  date = {2013},
  journaltitle = {Developmental Psychology},
  volume = {49},
  number = {6},
  pages = {1194--1218},
  publisher = {{American Psychological Association}},
  location = {{US}},
  issn = {1939-0599(Electronic),0012-1649(Print)},
  doi = {10.1037/a0026913},
  keywords = {*Age Differences,*Five Factor Personality Model,*Human Sex Differences,*Personality Measures,*Personality Traits,Life Expectancy,Life Span,Measurement Invariance,Structural Equation Modeling}
}

@article{MatchIt2011,
  title = {{{MatchIt}}: {{Nonparametric}} Preprocessing for Parametric Causal Inference},
  author = {Ho, Daniel E. and Imai, Kosuke and King, Gary and Stuart, Elizabeth A.},
  date = {2011},
  journaltitle = {Journal of Statistical Software},
  volume = {42},
  number = {8},
  pages = {1--28},
  url = {https://www.jstatsoft.org/v42/i08/}
}

@article{mcadamsPersonalityDevelopmentContinuity2009,
  title = {Personality {{Development}}: {{Continuity}} and {{Change Over}} the {{Life Course}}},
  author = {McAdams, Dan P. and Olson, Bradley D.},
  date = {2009-12-03},
  journaltitle = {Annual Review of Psychology},
  shortjournal = {Annu. Rev. Psychol.},
  volume = {61},
  number = {1},
  pages = {517--542},
  publisher = {{Annual Reviews}},
  issn = {0066-4308},
  doi = {10.1146/annurev.psych.093008.100507},
  url = {https://doi.org/10.1146/annurev.psych.093008.100507},
  urldate = {2021-03-24}
}

@article{mccraeMethodBiasesSinglesource2018,
  title = {Method Biases in Single-Source Personality Assessments},
  author = {McCrae, Robert R.},
  date = {2018},
  journaltitle = {Psychological Assessment},
  volume = {30},
  number = {9},
  pages = {1160--1173},
  issn = {1939-134X(Electronic),1040-3590(Print)},
  doi = {10.1037/pas0000566},
  keywords = {*Error of Measurement,*Personality Measures,*Rating,*Self-Report,Informants,Test Reliability}
}

@article{mccraeModeratedAnalysesLongitudinal1993,
  title = {Moderated Analyses of Longitudinal Personality Stability.},
  author = {McCrae, Robert R.},
  date = {1993},
  journaltitle = {Journal of Personality and Social Psychology},
  volume = {65},
  number = {3},
  pages = {577--585},
  publisher = {{American Psychological Association}},
  location = {{US}},
  issn = {1939-1315(Electronic),0022-3514(Print)},
  doi = {10.1037/0022-3514.65.3.577},
  keywords = {*Openmindedness,*Personality Change,*Self-Monitoring (Personality),*Self-Perception,Longitudinal Studies}
}

@article{mccraeWhatPersonalityScales2019,
  title = {What Personality Scales Measure: {{A}} New Psychometrics and Its Implications for Theory and Assessment},
  author = {McCrae, Robert R. and Mõttus, René},
  date = {2019-08-01},
  journaltitle = {Current Directions in Psychological Science},
  volume = {28},
  number = {4},
  pages = {415--420},
  issn = {0963-7214},
  doi = {10.1177/0963721419849559}
}

@article{mcneishFixedEffectsModels2019,
  title = {Fixed Effects Models versus Mixed Effects Models for Clustered Data: {{Reviewing}} the Approaches, Disentangling the Differences, and Making Recommendations},
  author = {McNeish, Daniel and Kelley, Ken},
  date = {2019},
  journaltitle = {Psychological methods},
  volume = {24},
  number = {1},
  pages = {20--35},
  issn = {1082-989X 1939-1463},
  doi = {10.1037/met0000182},
  keywords = {Cluster Analysis,Data Sets,Effect Size (Statistical),fixed effect model,HLM,Models,multilevel model,panel data,random coefficients model}
}

@article{mcneishThanksCoefficientAlpha2018,
  title = {Thanks Coefficient Alpha, We’ll Take It from Here},
  author = {McNeish, Daniel},
  date = {2018},
  journaltitle = {Psychological methods},
  volume = {23},
  number = {3},
  pages = {412--433},
  issn = {1939-1463(Electronic),1082-989X(Print)},
  doi = {10.1037/met0000144},
  keywords = {*Empirical Methods,*Internal Consistency,*Methodology,*Test Reliability,Psychometrics,Statistics,Trends}
}

@article{meyerGrandparentingUnitedStates2017,
  title = {Grandparenting in the {{United States}}},
  author = {Meyer, Madonna Harrington and Kandic, Amra},
  date = {2017-09-01},
  journaltitle = {Innovation in Aging},
  shortjournal = {Innovation in Aging},
  volume = {1},
  number = {2},
  pages = {1--10},
  issn = {2399-5300},
  doi = {10.1093/geroni/igx023},
  url = {https://doi.org/10.1093/geroni/igx023},
  urldate = {2021-04-28}
}

@article{mice2011,
  title = {{{mice}}: {{Multivariate}} Imputation by Chained Equations in r},
  author = {family=Buuren, given=Stef, prefix=van, useprefix=true and Groothuis-Oudshoorn, Karin},
  date = {2011},
  journaltitle = {Journal of Statistical Software},
  volume = {45},
  number = {3},
  pages = {1--67},
  url = {https://www.jstatsoft.org/v45/i03/}
}

@article{milewskiImmigrantFertilityWest2010,
  title = {Immigrant Fertility in {{West Germany}}: {{Is}} There a Socialization Effect in Transitions to Second and Third Births?},
  author = {Milewski, Nadja},
  date = {2010},
  journaltitle = {European Journal of Population},
  volume = {26},
  number = {3},
  eprint = {40784331},
  eprinttype = {jstor},
  pages = {297--323},
  publisher = {{Springer}},
  issn = {01686577, 15729885},
  doi = {10.1007/s10680-010-9211-0},
  url = {http://www.jstor.org/stable/40784331},
  urldate = {2021-03-22}
}

@article{mitchellBigFivePersonality2021,
  title = {Do {{Big Five Personality Traits Moderate}} the {{Effects}} of {{Stressful Life Events}} on {{Health Trajectories}}? {{Evidence From}} the {{Health}} and {{Retirement Study}}},
  author = {Mitchell, Lauren L and Zmora, Rachel and Finlay, Jessica M and Jutkowitz, Eric and Gaugler, Joseph E},
  date = {2021-01-01},
  journaltitle = {The Journals of Gerontology: Series B},
  shortjournal = {The Journals of Gerontology: Series B},
  volume = {76},
  number = {1},
  pages = {44--55},
  issn = {1079-5014},
  doi = {10.1093/geronb/gbaa075},
  url = {https://doi.org/10.1093/geronb/gbaa075},
  urldate = {2021-03-17}
}

@article{mitraComparisonTwoMethods2016,
  title = {A Comparison of Two Methods of Estimating Propensity Scores after Multiple Imputation},
  author = {Mitra, Robin and Reiter, Jerome P.},
  date = {2016-02-01},
  journaltitle = {Statistical Methods in Medical Research},
  volume = {25},
  number = {1},
  pages = {188--204},
  issn = {0962-2802},
  doi = {10.1177/0962280212445945}
}

@article{mottusDevelopmentDetailsAge2021,
  title = {Development Is in the Details: {{Age}} Differences in the {{Big Five}} Domains, Facets, and Nuances.},
  author = {Mõttus, René and Rozgonjuk, Dmitri},
  date = {2021},
  journaltitle = {Journal of Personality and Social Psychology},
  volume = {120},
  number = {4},
  pages = {1035--1048},
  publisher = {{American Psychological Association}},
  location = {{US}},
  issn = {1939-1315(Electronic),0022-3514(Print)},
  doi = {10.1037/pspp0000276},
  keywords = {*Age Differences,*Five Factor Personality Model,*Models,*Personality Development,*Predictability (Measurement),Machine Learning}
}

@article{mottusPersonalityTraitsFacets2017,
  title = {Personality Traits below Facets: {{The}} Consensual Validity, Longitudinal Stability, Heritability, and Utility of Personality Nuances},
  author = {Mõttus, René and Kandler, Christian and Bleidorn, Wiebke and Riemann, Rainer and McCrae, Robert R.},
  date = {2017},
  journaltitle = {Journal of Personality and Social Psychology},
  volume = {112},
  number = {3},
  pages = {474--490},
  issn = {1939-1315(Electronic),0022-3514(Print)},
  doi = {10.1037/pspp0000100},
  keywords = {*Individual Differences,*Personality Traits,Heritability,Prediction}
}

@article{mottusPersonalityTraitsOld2012,
  title = {Personality Traits in Old Age: {{Measurement}} and Rank-Order Stability and Some Mean-Level Change.},
  author = {Mõttus, René and Johnson, Wendy and Deary, Ian J.},
  date = {2012},
  journaltitle = {Psychology and Aging},
  volume = {27},
  number = {1},
  pages = {243--249},
  publisher = {{American Psychological Association}},
  location = {{US}},
  issn = {1939-1498(Electronic),0882-7974(Print)},
  doi = {10.1037/a0023690},
  keywords = {*Aging,*Five Factor Personality Model,*Measurement,*Personality Development,*Personality Traits,Mean,Measurement Invariance,Older Adulthood,Rank Order Correlation}
}

@article{mottusSelfreportsInformantratingsMeasure2019,
  title = {Do Self-Reports and Informant-Ratings Measure the Same Personality Constructs?},
  author = {Mõttus, René and Allik, Jüri and Realo, Anu},
  date = {2019},
  journaltitle = {European Journal of Psychological Assessment},
  pages = {1--7},
  doi = {10.1027/1015-5759/a000516}
}

@article{muellerFamilyContingenciesGenerations2003,
  title = {Family {{Contingencies Across}} the {{Generations}}: {{Grandparent}}‐{{Grandchild Relationships}} in {{Holistic Perspective}}},
  author = {Mueller, Margaret and Elder, Glen},
  date = {2003-05-01},
  journaltitle = {Journal of Marriage and Family},
  shortjournal = {Journal of Marriage and Family},
  volume = {65},
  pages = {404--417},
  doi = {10.1111/j.1741-3737.2003.00404.x}
}

@article{muellerPersonalityDevelopmentOld2016,
  title = {Personality Development in Old Age Relates to Physical Health and Cognitive Performance: {{Evidence}} from the {{Berlin Aging Study II}}},
  author = {Mueller, Swantje and Wagner, Jenny and Drewelies, Johanna and Duezel, Sandra and Eibich, Peter and Specht, Jule and Demuth, Ilja and Steinhagen-Thiessen, Elisabeth and Wagner, Gert G. and Gerstorf, Denis},
  date = {2016-12-01},
  journaltitle = {Journal of Research in Personality},
  shortjournal = {Journal of Research in Personality},
  volume = {65},
  pages = {94--108},
  issn = {0092-6566},
  doi = {10.1016/j.jrp.2016.08.007},
  url = {https://www.sciencedirect.com/science/article/pii/S0092656616301039},
  keywords = {Cognition,Health,Old age,Perceptual speed,Personality development,Personality traits}
}

@article{mullerGrandparentingWellbeingHow2011,
  title = {Grandparenting and Well-Being: {{How}} Important Is Grandparent-Role Centrality?},
  author = {Muller, Ziva and Litwin, Howard},
  date = {2011-06-01},
  journaltitle = {European Journal of Ageing},
  shortjournal = {European Journal of Ageing},
  volume = {8},
  pages = {109--118},
  doi = {10.1007/s10433-011-0185-5}
}

@article{murphyCrossNationalPatternsIntergenerational2013,
  title = {Cross-{{National Patterns}} of {{Intergenerational Continuities}} in {{Childbearing}} in {{Developed Countries}}},
  author = {Murphy, Michael},
  date = {2013-07-03},
  journaltitle = {Biodemography and Social Biology},
  shortjournal = {null},
  volume = {59},
  number = {2},
  pages = {101--126},
  publisher = {{Routledge}},
  issn = {1948-5565},
  doi = {10.1080/19485565.2013.833779},
  url = {https://doi.org/10.1080/19485565.2013.833779}
}

@article{myrskylaHappinessKids2014,
  title = {Happiness: {{Before}} and {{After}} the {{Kids}}},
  author = {Myrskylä, Mikko and Margolis, Rachel},
  date = {2014-10-01},
  journaltitle = {Demography},
  shortjournal = {Demography},
  volume = {51},
  number = {5},
  pages = {1843--1866},
  issn = {1533-7790},
  doi = {10.1007/s13524-014-0321-x},
  url = {https://doi.org/10.1007/s13524-014-0321-x}
}

@article{notterGrandchildCareWellBeing2022,
  title = {Grandchild {{Care}} and {{Well-Being}}: {{Gender Differences}} in {{Mental Health Effects}} of {{Caregiving Grandparents}}},
  author = {Notter, Isabelle R},
  date = {2022-07-01},
  journaltitle = {The Journals of Gerontology: Series B},
  shortjournal = {The Journals of Gerontology: Series B},
  volume = {77},
  number = {7},
  pages = {1294--1304},
  issn = {1079-5014},
  doi = {10.1093/geronb/gbab164},
  url = {https://doi.org/10.1093/geronb/gbab164},
  urldate = {2022-08-12}
}

@article{oconnorWhoSufferedMost2017,
  title = {Who {{Suffered Most}} from the {{Great Recession}}? {{Happiness}} in the {{United States}}},
  author = {O’Connor, Kelsey J.},
  date = {2017-04-01},
  journaltitle = {RSF: The Russell Sage Foundation Journal of the Social Sciences},
  volume = {3},
  number = {3},
  pages = {72},
  doi = {10.7758/RSF.2017.3.3.04},
  url = {http://www.rsfjournal.org/content/3/3/72.abstract}
}

@book{oecdChildcareAffordablePolicy2020,
  title = {Is {{Childcare Affordable}}? {{Policy Brief On Employment}}, {{Labour And Social Affairs}}},
  author = {{OECD}},
  date = {2020},
  url = {https://www.oecd.org/els/family/OECD-Is-Childcare-Affordable.pdf}
}

@article{oltmannsPersonalityChangeLongitudinal2020,
  title = {Personality Change: {{Longitudinal}} Self-Other Agreement and Convergence with Retrospective-Reports.},
  author = {Oltmanns, Joshua R. and Jackson, Joshua J. and Oltmanns, Thomas F.},
  date = {2020},
  journaltitle = {Journal of Personality and Social Psychology},
  volume = {118},
  number = {5},
  pages = {1065--1079},
  publisher = {{American Psychological Association}},
  location = {{US}},
  issn = {1939-1315(Electronic),0022-3514(Print)},
  doi = {10.1037/pspp0000238},
  keywords = {*Aging,*Informants,*Personality Change,*Personality Development,*Test Validity,Agreeableness,Five Factor Personality Model,Longitudinal Studies,Measurement,Self-Report,Simulation}
}

@book{pascalComparisonInternationalChildcare2013,
  title = {A Comparison of International Childcare Systems},
  author = {Pascal, Christine and Bertram, Tony and Delaney, Sean and Nelson, Carol},
  date = {2013},
  publisher = {{Department for Education}},
  location = {{Sheffield}},
  isbn = {1-78105-212-3}
}

@article{pearlCausalInferenceStatistics2009,
  title = {Causal Inference in Statistics: {{An}} Overview},
  author = {Pearl, Judea},
  date = {2009-01-01},
  journaltitle = {Statistics Surveys},
  shortjournal = {Statistics Surveys},
  volume = {3},
  pages = {96--146},
  doi = {10.1214/09-SS057},
  url = {https://doi.org/10.1214/09-SS057}
}

@article{pilkauskasHistoricalTrendsChildren2020,
  title = {Historical {{Trends}} in {{Children Living}} in {{Multigenerational Households}} in the {{United States}}: 1870–2018},
  author = {Pilkauskas, Natasha V. and Amorim, Mariana and Dunifon, Rachel E.},
  date = {2020-12-01},
  journaltitle = {Demography},
  shortjournal = {Demography},
  volume = {57},
  number = {6},
  pages = {2269--2296},
  issn = {1533-7790},
  doi = {10.1007/s13524-020-00920-5},
  url = {https://doi.org/10.1007/s13524-020-00920-5}
}

@article{pimentelOptimalMatchingApproaches2019,
  title = {Optimal Matching Approaches in Health Policy Evaluations under Rolling Enrolment},
  author = {Pimentel, Samuel D. and Forrow, Lauren Vollmer and Gellar, Jonathan and Li, Jiaqi},
  date = {2019-10-07},
  journaltitle = {Journal of the Royal Statistical Society: Series A (Statistics in Society)},
  volume = {n/a},
  number = {n/a},
  issn = {0964-1998},
  doi = {10.1111/rssa.12521},
  keywords = {Causal inference,Health policy evaluation,Matching,Network optimization,Propensity score; Rolling enrolment}
}

@software{pinheiroNlmeLinearNonlinear2017,
  title = {Nlme: {{Linear}} and {{Nonlinear Mixed Effects Models}} ({{R}} Package Version 3.1-131)},
  author = {Pinheiro, Jose and Bates, Douglas and DebRoy, Saikat and Sarkar, Deepayan and R Core Team},
  date = {2017}
}

@article{podsakoffCommonMethodBiases2003,
  title = {Common Method Biases in Behavioral Research: {{A}} Critical Review of the Literature and Recommended Remedies},
  author = {Podsakoff, Philip M. and MacKenzie, Scott B. and Jeong-Yeon, Lee and Podsakoff, Nathan P.},
  date = {2003},
  journaltitle = {Journal of Applied Psychology},
  volume = {88},
  number = {5},
  pages = {879--903},
  issn = {00219010},
  doi = {10.1037/0021-9010.88.5.879},
  keywords = {METHODOLOGY,PREJUDICES,PSYCHOLOGY,RESEARCH,SOCIAL sciences}
}

@article{powdthaveeWhatGoodEducation2015,
  title = {What's the Good of Education on Our Overall Quality of Life? {{A}} Simultaneous Equation Model of Education and Life Satisfaction for {{Australia}}},
  author = {Powdthavee, Nattavudh and Lekfuangfu, Warn N. and Wooden, Mark},
  date = {2015-02-01},
  journaltitle = {Journal of Behavioral and Experimental Economics},
  shortjournal = {Journal of Behavioral and Experimental Economics},
  volume = {54},
  pages = {10--21},
  issn = {2214-8043},
  doi = {10.1016/j.socec.2014.11.002},
  url = {https://www.sciencedirect.com/science/article/pii/S2214804314001153},
  keywords = {Australia,Education,HILDA,Indirect effect,Life satisfaction,Structural equation model}
}

@book{preacherLatentGrowthCurve2008,
  title = {Latent Growth Curve Modeling},
  author = {Preacher, Kristopher J and Wichman, Aaron L and MacCallum, Robert C and Briggs, Nancy E},
  date = {2008},
  number = {157},
  publisher = {{Sage}},
  isbn = {1-4129-3955-0}
}

@article{puschPersonalityDevelopmentEmerging2019,
  title = {Personality Development in Emerging and Young Adulthood: {{A}} Study of Age Differences},
  author = {Pusch, Sebastian and Mund, Marcus and Hagemeyer, Birk and Finn, Christine},
  date = {2019-05-01},
  journaltitle = {European Journal of Personality},
  shortjournal = {Eur J Pers},
  volume = {33},
  number = {3},
  pages = {245--263},
  publisher = {{SAGE Publications Ltd}},
  issn = {0890-2070},
  doi = {10.1002/per.2181},
  url = {https://doi.org/10.1002/per.2181},
  urldate = {2021-07-21}
}

@article{quirkeAssociationCaringGrandchildren2019,
  title = {Association between Caring for Grandchildren and Feelings of Loneliness, Social Isolation and Social Network Size: A Cross-Sectional Study of Community Dwelling Adults in {{Germany}}},
  author = {Quirke, Eleanor and König, Hans-Helmut and Hajek, André},
  date = {2019-12-01},
  journaltitle = {BMJ Open},
  shortjournal = {BMJ Open},
  volume = {9},
  number = {12},
  pages = {e029605},
  doi = {10.1136/bmjopen-2019-029605},
  url = {http://bmjopen.bmj.com/content/9/12/e029605.abstract}
}

@article{quirkeExtendingUnderstandingGrandchild2020,
  title = {Extending Understanding of Grandchild Care on Feelings of Loneliness and Isolation in Later Life},
  author = {Quirke, Eleanor and König, Hans-Helmut and Hajek, André},
  date = {2020-08-27},
  journaltitle = {Zeitschrift für Gerontologie und Geriatrie},
  shortjournal = {Zeitschrift für Gerontologie und Geriatrie},
  issn = {1435-1269},
  doi = {10.1007/s00391-020-01776-5},
  url = {https://doi.org/10.1007/s00391-020-01776-5}
}

@article{quirkeWhatAreSocial2021,
  title = {What Are the Social Consequences of Beginning or Ceasing to Care for Grandchildren? {{Evidence}} from an Asymmetric Fixed Effects Analysis of Community Dwelling Adults in {{Germany}}},
  author = {Quirke, Eleanor and König, Hans-Helmut and Hajek, André},
  date = {2021-05-04},
  journaltitle = {Aging \& Mental Health},
  shortjournal = {null},
  volume = {25},
  number = {5},
  pages = {969--975},
  publisher = {{Routledge}},
  issn = {1360-7863},
  doi = {10.1080/13607863.2020.1727846},
  url = {https://doi.org/10.1080/13607863.2020.1727846}
}

@article{quirkeWhatAreSocial2021a,
  title = {What Are the Social Consequences of Beginning or Ceasing to Care for Grandchildren? {{Evidence}} from an Asymmetric Fixed Effects Analysis of Community Dwelling Adults in {{Germany}}},
  author = {Quirke, Eleanor and König, Hans-Helmut and Hajek, André},
  date = {2021-05-04},
  journaltitle = {Aging \& Mental Health},
  shortjournal = {null},
  volume = {25},
  number = {5},
  pages = {969--975},
  publisher = {{Routledge}},
  issn = {1360-7863},
  doi = {10.1080/13607863.2020.1727846},
  url = {https://doi.org/10.1080/13607863.2020.1727846}
}

@manual{R-car,
  type = {manual},
  title = {Car: {{Companion}} to Applied Regression},
  author = {Fox, John and Weisberg, Sanford and Price, Brad},
  date = {2020},
  url = {https://CRAN.R-project.org/package=car}
}

@manual{R-car,
  type = {manual},
  title = {Car: {{Companion}} to Applied Regression},
  author = {Fox, John and Weisberg, Sanford and Price, Brad},
  date = {2020},
  url = {https://CRAN.R-project.org/package=car}
}

@manual{R-lavaan,
  type = {manual},
  title = {Lavaan: {{Latent}} Variable Analysis},
  author = {Rosseel, Yves and Jorgensen, Terrence D. and Rockwood, Nicholas},
  date = {2020},
  url = {http://lavaan.org}
}

@manual{R-MatchIt,
  type = {manual},
  title = {{{MatchIt}}: {{Nonparametric}} Preprocessing for Parametric Causal Inference},
  author = {Ho, Daniel and Imai, Kosuke and King, Gary and Stuart, Elizabeth and Greifer, Noah},
  date = {2020},
  url = {https://CRAN.R-project.org/package=MatchIt}
}

@manual{R-mice,
  type = {manual},
  title = {Mice: {{Multivariate}} Imputation by Chained Equations},
  author = {family=Buuren, given=Stef, prefix=van, useprefix=true and Groothuis-Oudshoorn, Karin},
  date = {2020},
  url = {https://CRAN.R-project.org/package=mice}
}

@manual{R-nlme,
  type = {manual},
  title = {Nlme: {{Linear}} and Nonlinear Mixed Effects Models},
  author = {Pinheiro, José and Bates, Douglas and {R-core}},
  date = {2021},
  url = {https://svn.r-project.org/R-packages/trunk/nlme/}
}

@report{R-psych,
  type = {R package version 2.1.9},
  title = {Psych: {{Procedures}} for Psychological, Psychometric, and Personality Research},
  author = {Revelle, William},
  date = {2021},
  url = {https://personality-project.org/r/psych/ https://personality-project.org/r/psych-manual.pdf}
}

@report{R-renv,
  type = {R package version 0.15.2},
  title = {Renv: {{Project}} Environments},
  author = {Ushey, Kevin},
  date = {2022},
  url = {https://rstudio.github.io/renv/}
}

@article{ramMethodsMeasuresGrowth2009,
  title = {Methods and {{Measures}}: {{Growth}} Mixture Modeling: {{A}} Method for Identifying Differences in Longitudinal Change among Unobserved Groups},
  author = {Ram, Nilam and Grimm, Kevin J.},
  date = {2009-11-01},
  journaltitle = {International Journal of Behavioral Development},
  shortjournal = {International Journal of Behavioral Development},
  volume = {33},
  number = {6},
  pages = {565--576},
  publisher = {{SAGE Publications Ltd}},
  issn = {0165-0254},
  doi = {10.1177/0165025409343765},
  url = {https://doi.org/10.1177/0165025409343765},
  urldate = {2021-07-26}
}

@article{richterLongtermEffectsPregnancy2019,
  title = {Long-Term Effects of Pregnancy and Childbirth on Sleep Satisfaction and Duration of First-Time and Experienced Mothers and Fathers},
  author = {Richter, David and Krämer, Michael D. and Tang, Nicole K. Y. and Montgomery-Downs, Hawley E. and Lemola, Sakari},
  date = {2019},
  journaltitle = {Sleep},
  volume = {42},
  number = {4},
  pages = {1--10},
  issn = {0161-8105},
  doi = {10.1093/sleep/zsz015}
}

@article{richterSojournEffectsPersonality2021,
  title = {Do {{Sojourn Effects}} on {{Personality Trait Changes Last}}? {{A Five}}–{{Year Longitudinal Study}}},
  author = {Richter, Julia and Zimmermann, Julia and Neyer, Franz J. and Kandler, Christian},
  date = {2021-05-01},
  journaltitle = {European Journal of Personality},
  shortjournal = {Eur J Pers},
  volume = {35},
  number = {3},
  pages = {358--382},
  publisher = {{SAGE Publications Ltd}},
  issn = {0890-2070},
  doi = {10.1002/per.2291},
  url = {https://doi.org/10.1002/per.2291},
  urldate = {2022-04-18}
}

@article{riiseIntergenerationalTransmissionAge2016,
  title = {Intergenerational Transmission of Age at First Birth in {{Norway}}},
  author = {Riise, Birgitte Sande and Dommermuth, Lars and Lyngstad, Torkild Hovde},
  date = {2016-01-01},
  journaltitle = {European Societies},
  shortjournal = {null},
  volume = {18},
  number = {1},
  pages = {47--69},
  publisher = {{Routledge}},
  issn = {1461-6696},
  doi = {10.1080/14616696.2016.1141304},
  url = {https://doi.org/10.1080/14616696.2016.1141304}
}

@incollection{robertsCriticalEvaluationNeoSocioanalytic2017,
  title = {A Critical Evaluation of the {{Neo-Socioanalytic Model}} of Personality},
  booktitle = {Personality {{Development Across}} the {{Lifespan}}},
  author = {Roberts, Brent W. and Nickel, Lauren B.},
  editor = {Specht, Jule},
  date = {2017-01-01},
  pages = {157--177},
  publisher = {{Academic Press}},
  doi = {10.1016/B978-0-12-804674-6.00011-9},
  url = {https://www.sciencedirect.com/science/article/pii/B9780128046746000119},
  isbn = {978-0-12-804674-6},
  keywords = {corresponsive principle,Neo-Socioanalytic Model,Personality,personality change,personality development,social investment principle}
}

@article{robertsEvaluatingFiveFactor2005,
  title = {Evaluating {{Five Factor Theory}} and Social Investment Perspectives on Personality Trait Development},
  author = {Roberts, Brent W. and Wood, Dustin and Smith, Jennifer L.},
  date = {2005},
  journaltitle = {Journal of Research in Personality},
  volume = {39},
  number = {1},
  pages = {166--184},
  issn = {0092-6566(Print)},
  doi = {10.1016/j.jrp.2004.08.002},
  keywords = {*Five Factor Personality Model,*Personality Development,*Personality Theory,*Personality Traits,Experiences (Events),Genetics}
}

@article{robertsPatternsMeanlevelChange2006a,
  title = {Patterns of Mean-Level Change in Personality Traits across the Life Course: {{A}} Meta-Analysis of Longitudinal Studies},
  author = {Roberts, Brent W. and Walton, Kate E. and Viechtbauer, Wolfgang},
  date = {2006-02-01},
  journaltitle = {Psychological Bulletin},
  volume = {132},
  pages = {1--25},
  doi = {10.1037/0033-2909.132.1.1}
}

@incollection{robertsPersonalityDevelopmentContext2006,
  title = {Personality Development in the Context of the Neo-Socioanalytic Model of Personality},
  booktitle = {Handbook of {{Personality Development}}},
  author = {Roberts, Brent W. and Wood, Dustin},
  editor = {Mroczek, Daniel K. and Little, Todd D.},
  date = {2006},
  publisher = {{Routledge}},
  location = {{Abingdon}},
  isbn = {978-1-315-80561-0}
}

@article{robertsPersonalityPsychology2022,
  title = {Personality Psychology},
  author = {Roberts, Brent W. and Yoon, Hee Jun},
  date = {2022},
  journaltitle = {Annual Review of Psychology},
  volume = {73},
  number = {1},
  pages = {489--516},
  doi = {10.1146/annurev-psych-020821-114927}
}

@article{robertsPowerPersonalityComparative2007,
  title = {The Power of Personality: {{The}} Comparative Validity of Personality Traits, Socioeconomic Status, and Cognitive Ability for Predicting Important Life Outcomes},
  author = {Roberts, Brent W. and Kuncel, Nathan R. and Shiner, Rebecca and Caspi, Avshalom and Goldberg, Lewis R.},
  date = {2007-12-01},
  journaltitle = {Perspectives on Psychological Science},
  shortjournal = {Perspect Psychol Sci},
  volume = {2},
  number = {4},
  pages = {313--345},
  publisher = {{SAGE Publications Inc}},
  issn = {1745-6916},
  doi = {10.1111/j.1745-6916.2007.00047.x},
  url = {https://doi.org/10.1111/j.1745-6916.2007.00047.x},
  urldate = {2021-05-06}
}

@article{robertsRankorderConsistencyPersonality2000,
  title = {The Rank-Order Consistency of Personality Traits from Childhood to Old Age: {{A}} Quantitative Review of Longitudinal Studies.},
  author = {Roberts, Brent W. and DelVecchio, Wendy F.},
  date = {2000},
  journaltitle = {Psychological Bulletin},
  volume = {126},
  number = {1},
  pages = {3--25},
  publisher = {{American Psychological Association}},
  location = {{US}},
  issn = {1939-1455(Electronic),0033-2909(Print)},
  doi = {10.1037/0033-2909.126.1.3},
  keywords = {*Age Differences,*Consistency (Measurement),*Personality Traits,Older Adulthood}
}

@article{robertsYoungAdulthoodCrucible2016,
  title = {Young Adulthood Is the Crucible of Personality Development},
  author = {Roberts, Brent W. and Davis, Jordan P.},
  date = {2016-10-01},
  journaltitle = {Emerging Adulthood},
  shortjournal = {Emerging Adulthood},
  volume = {4},
  number = {5},
  pages = {318--326},
  publisher = {{SAGE Publications Inc}},
  issn = {2167-6968},
  doi = {10.1177/2167696816653052},
  url = {https://doi.org/10.1177/2167696816653052},
  urldate = {2021-07-22}
}

@article{rohrerThatLotProcess2022,
  title = {That’s a Lot to Process! {{Pitfalls}} of Popular Path Models},
  author = {Rohrer, Julia M. and Hünermund, Paul and Arslan, Ruben C. and Elson, Malte},
  date = {2022-04-01},
  journaltitle = {Advances in Methods and Practices in Psychological Science},
  volume = {5},
  number = {2},
  publisher = {{SAGE Publications Inc}},
  issn = {2515-2459},
  doi = {10.1177/25152459221095827},
  url = {https://doi.org/10.1177/25152459221095827},
  urldate = {2023-02-09},
  langid = {english},
  file = {/Users/michaelkramer/Zotero/storage/MKR7NFTY/Rohrer et al. - 2022 - That’s a Lot to Process! Pitfalls of Popular Path .pdf}
}

@article{rohrerThinkingClearlyCorrelations2018,
  title = {Thinking {{Clearly About Correlations}} and {{Causation}}: {{Graphical Causal Models}} for {{Observational Data}}},
  author = {Rohrer, Julia M.},
  date = {2018},
  journaltitle = {Advances in Methods and Practices in Psychological Science},
  volume = {1},
  number = {1},
  pages = {27--42},
  doi = {10.1177/2515245917745629},
  keywords = {directed acyclic graphs}
}

@article{rosenbaumConsquencesAdjustmentConcomitant1984,
  title = {The Consquences of Adjustment for a Concomitant Variable That Has Been Affected by the Treatment},
  author = {Rosenbaum, P.},
  date = {1984},
  journaltitle = {Journal of the Royal Statistical Society. Series A (General)},
  volume = {147},
  number = {5},
  pages = {656--666},
  doi = {10.2307/2981697}
}

@article{safiImmigrantsLifeSatisfaction2010,
  title = {Immigrants’ {{Life Satisfaction}} in {{Europe}}: {{Between Assimilation}} and {{Discrimination}}},
  author = {Safi, Mirna},
  date = {2010-04-01},
  journaltitle = {European Sociological Review},
  shortjournal = {European Sociological Review},
  volume = {26},
  number = {2},
  pages = {159--176},
  issn = {0266-7215},
  doi = {10.1093/esr/jcp013},
  url = {https://doi.org/10.1093/esr/jcp013},
  urldate = {2021-03-17}
}

@article{salinas-jimenezEducationPositionalGood2011,
  title = {Education as a {{Positional Good}}: {{A Life Satisfaction Approach}}},
  author = {Salinas-Jiménez, Mª del Mar and Artés, Joaquín and Salinas-Jiménez, Javier},
  date = {2011-09-01},
  journaltitle = {Social Indicators Research},
  shortjournal = {Social Indicators Research},
  volume = {103},
  number = {3},
  pages = {409--426},
  issn = {1573-0921},
  doi = {10.1007/s11205-010-9709-1},
  url = {https://doi.org/10.1007/s11205-010-9709-1}
}

@article{scherpenzeelDataCollectionProbabilityBased2011,
  title = {Data {{Collection}} in a {{Probability-Based Internet Panel}}: {{How}} the {{LISS Panel Was Built}} and {{How It Can Be Used}}},
  author = {Scherpenzeel, Annette C.},
  date = {2011-01-01},
  journaltitle = {Bulletin of Sociological Methodology/Bulletin de Méthodologie Sociologique},
  shortjournal = {Bulletin of Sociological Methodology/Bulletin de Méthodologie Sociologique},
  volume = {109},
  number = {1},
  pages = {56--61},
  publisher = {{SAGE Publications Ltd}},
  issn = {0759-1063},
  doi = {10.1177/0759106310387713},
  url = {https://doi.org/10.1177/0759106310387713},
  urldate = {2021-04-01}
}

@incollection{scherpenzeelTrueLongitudinalProbabilitybased2010,
  title = {True” Longitudinal and Probability-Based Internet Panels: {{Evidence}} from the {{Netherlands}}},
  booktitle = {Social and Behavioral Research and the Internet: {{Advances}} in Applied Methods and Research Strategies},
  author = {Scherpenzeel, Annette C. and Das, Marcel},
  editor = {Das, Marcel and Ester, P. and Kaczmirek, L.},
  date = {2010},
  pages = {77--104},
  publisher = {{Taylor \& Francis}},
  location = {{Boca Raton}}
}

@article{schmittWhyCanMan2008,
  title = {Why Can't a Man Be More like a Woman? {{Sex}} Differences in {{Big Five}} Personality Traits across 55 Cultures.},
  author = {Schmitt, David P. and Realo, Anu and Voracek, Martin and Allik, Jüri},
  date = {2008},
  journaltitle = {Journal of Personality and Social Psychology},
  volume = {94},
  number = {1},
  pages = {168--182},
  publisher = {{American Psychological Association}},
  location = {{US}},
  issn = {1939-1315(Electronic),0022-3514(Print)},
  doi = {10.1037/0022-3514.94.1.168},
  keywords = {*Cross Cultural Differences,*Human Sex Differences,*Personality Traits,Sociocultural Factors}
}

@article{schwabaIndividualDifferencesPersonality2018,
  title = {Individual Differences in Personality Change across the Adult Life Span},
  author = {Schwaba, Ted and Bleidorn, Wiebke},
  date = {2018-06-01},
  journaltitle = {Journal of Personality},
  volume = {86},
  number = {3},
  pages = {450--464},
  issn = {0022-3506},
  doi = {10.1111/jopy.12327},
  keywords = {Big Five personality,life span development,personality development}
}

@article{schwabaPersonalityTraitDevelopment2019,
  title = {Personality Trait Development across the Transition to Retirement},
  author = {Schwaba, Ted and Bleidorn, Wiebke},
  date = {2019},
  journaltitle = {Journal of Personality and Social Psychology},
  volume = {116},
  number = {4},
  pages = {651--665},
  issn = {1939-1315(Electronic),0022-3514(Print)},
  doi = {10.1037/pspp0000179},
  keywords = {*Five Factor Personality Model,*Individual Differences,*Personality Development,*Personality Traits,*Retirement,Agreeableness,Conscientiousness,Emotional Stability,Extraversion,Life Changes,Openness to Experience}
}

@article{schwabaRefiningMaturityPrinciple2022,
  title = {Refining the Maturity Principle of Personality Development by Examining Facets, Close Others, and Comaturation.},
  author = {Schwaba, Ted and Bleidorn, Wiebke and Hopwood, Christopher J. and Manuck, Stephen B. and Wright, Aidan G. C.},
  date = {2022},
  journaltitle = {Journal of Personality and Social Psychology},
  volume = {122},
  number = {5},
  pages = {942--958},
  publisher = {{American Psychological Association}},
  location = {{US}},
  issn = {1939-1315(Electronic),0022-3514(Print)},
  doi = {10.1037/pspp0000400},
  keywords = {*Human Development,*Life Span,*Personality Development,*Personality Measures,*Personality Traits,Age Differences,Conscientiousness,Neuroticism}
}

@article{seifertDevelopmentRankorderStability2021,
  title = {The Development of the Rank-Order Stability of the Big Five across the Life Span},
  author = {Seifert, I.S. and Rohrer, Julia M. and Egloff, Boris and Schmukle, Stefan C.},
  date = {2021},
  journaltitle = {Journal of Personality and Social Psychology},
  doi = {10.1037/pspp0000398}
}

@article{sevcikovaDoesLivingTogether2021,
  title = {Does Living Together or Apart Matter? {{A}} Longitudinal Analysis of Relationship Formation in Later Life in Association with Health, Well-Being, and Life Satisfaction},
  author = {Ševčíková, Anna and Juhová, Dana Seryjová and Blinka, Lukas and Gottfried, Jaroslav and Elavsky, Steriani and Ťápal, Adam},
  date = {2021-03-03},
  journaltitle = {Journal of Social and Personal Relationships},
  shortjournal = {Journal of Social and Personal Relationships},
  pages = {0265407521996809},
  publisher = {{SAGE Publications Ltd}},
  issn = {0265-4075},
  doi = {10.1177/0265407521996809},
  url = {https://doi.org/10.1177/0265407521996809},
  urldate = {2021-03-17}
}

@book{shadishExperimentalQuasiexperimentalDesigns2002,
  title = {Experimental and Quasi-Experimental Designs for Generalized Causal Inference},
  author = {Shadish, William R. and Cook, Thomas D. and Campbell, Donald T.},
  date = {2002},
  publisher = {{Houghton, Mifflin and Company}},
  location = {{Boston, MA}},
  isbn = {0-395-61556-9},
  keywords = {Causal Analysis,causal relationships,Experimental Design,experimental designs,Experimental Methods,generalized causal inference,methods,Quasi Experimental Methods,quasi-experimental}
}

@article{sheppardBecomingFirsttimeGrandparent2019,
  title = {Becoming a First-Time Grandparent and Subjective Well-Being: {{A}} Fixed Effects Approach},
  author = {Sheppard, Paula and Monden, Christiaan},
  date = {2019-08-01},
  journaltitle = {Journal of Marriage and Family},
  volume = {81},
  number = {4},
  pages = {1016--1026},
  issn = {0022-2445},
  doi = {10.1111/jomf.12584},
  keywords = {grandchildren,grandparents,longitudinal research,retirement,well-being}
}

@article{sieberTheoryRoleAccumulation1974,
  title = {Toward a Theory of Role Accumulation.},
  author = {Sieber, Sam D.},
  date = {1974},
  journaltitle = {American Sociological Review},
  volume = {39},
  number = {4},
  pages = {567--578},
  publisher = {{American Sociological Assn}},
  location = {{US}},
  issn = {1939-8271(Electronic),0003-1224(Print)},
  doi = {10.2307/2094422},
  keywords = {*Role Conflicts,Role Expectations}
}

@article{silversteinHowAmericansEnact2001,
  title = {How {{Americans}} Enact the Grandparent Role across the Family Life Course},
  author = {Silverstein, Merril and Marenco, Anne},
  date = {2001-05-01},
  journaltitle = {Journal of Family Issues},
  shortjournal = {Journal of Family Issues},
  volume = {22},
  number = {4},
  pages = {493--522},
  publisher = {{SAGE Publications Inc}},
  issn = {0192-513X},
  doi = {10.1177/019251301022004006},
  url = {https://doi.org/10.1177/019251301022004006},
  urldate = {2021-04-22}
}

@article{skopekWhoBecomesGrandparent2017,
  title = {Who Becomes a Grandparent – and When? {{Educational}} Differences in the Chances and Timing of Grandparenthood},
  author = {Skopek, Jan and Leopold, Thomas},
  date = {2017-10-06},
  journaltitle = {Demographic Research},
  shortjournal = {Demographic Research},
  volume = {37},
  number = {29},
  pages = {917--928},
  issn = {1435-9871},
  doi = {10.4054/DemRes.2017.37.29},
  url = {https://www.demographic-research.org/volumes/vol37/29/}
}

@article{sladeFairComparisonTreebased2020,
  title = {A Fair Comparison of Tree-Based and Parametric Methods in Multiple Imputation by Chained Equations},
  author = {Slade, Emily and Naylor, Melissa G.},
  date = {2020-04-15},
  journaltitle = {Statistics in Medicine},
  shortjournal = {Statistics in Medicine},
  volume = {39},
  number = {8},
  pages = {1156--1166},
  publisher = {{John Wiley \& Sons, Ltd}},
  issn = {0277-6715},
  doi = {10.1002/sim.8468},
  url = {https://doi.org/10.1002/sim.8468},
  urldate = {2021-04-14},
  keywords = {imputation,interaction,missing data,regression tree}
}

@article{sonnegaCohortProfileHealth2014,
  title = {Cohort {{Profile}}: The {{Health}} and {{Retirement Study}} ({{HRS}})},
  author = {Sonnega, Amanda and Faul, Jessica D and Ofstedal, Mary Beth and Langa, Kenneth M and Phillips, John WR and Weir, David R},
  date = {2014-04-01},
  journaltitle = {International Journal of Epidemiology},
  shortjournal = {International Journal of Epidemiology},
  volume = {43},
  number = {2},
  pages = {576--585},
  issn = {0300-5771},
  doi = {10.1093/ije/dyu067},
  url = {https://doi.org/10.1093/ije/dyu067},
  urldate = {2021-04-02}
}

@article{sotoAgeDifferencesPersonality2011,
  title = {Age Differences in Personality Traits from 10 to 65: {{Big Five}} Domains and Facets in a Large Cross-Sectional Sample.},
  author = {Soto, Christopher J. and John, Oliver P. and Gosling, Samuel D. and Potter, Jeff},
  date = {2011},
  journaltitle = {Journal of Personality and Social Psychology},
  volume = {100},
  number = {2},
  pages = {330--348},
  publisher = {{American Psychological Association}},
  location = {{US}},
  issn = {1939-1315(Electronic),0022-3514(Print)},
  doi = {10.1037/a0021717},
  keywords = {*Age Differences,*Five Factor Personality Model,*Life Span,*Personality Development,Personality Traits}
}

@article{sotoHowReplicableAre2019,
  title = {How Replicable Are Links between Personality Traits and Consequential Life Outcomes? {{The}} Life Outcomes of Personality Replication Project},
  author = {Soto, Christopher J.},
  date = {2019-04-05},
  journaltitle = {Psychological Science},
  shortjournal = {Psychol Sci},
  volume = {30},
  number = {5},
  pages = {711--727},
  publisher = {{SAGE Publications Inc}},
  issn = {0956-7976},
  doi = {10.1177/0956797619831612},
  url = {https://doi.org/10.1177/0956797619831612},
  urldate = {2021-05-06}
}

@article{sotoLinksPersonalityLife2021,
  title = {Do Links between Personality and Life Outcomes Generalize? {{Testing}} the Robustness of Trait–Outcome Associations across Gender, Age, Ethnicity, and Analytic Approaches},
  author = {Soto, Christopher J.},
  date = {2021-01-01},
  journaltitle = {Social Psychological and Personality Science},
  shortjournal = {Social Psychological and Personality Science},
  volume = {12},
  number = {1},
  pages = {118--130},
  publisher = {{SAGE Publications Inc}},
  issn = {1948-5506},
  doi = {10.1177/1948550619900572},
  url = {https://doi.org/10.1177/1948550619900572},
  urldate = {2021-06-22}
}

@article{soubeletInfluenceSocialDesirability2011,
  title = {Influence of {{Social Desirability}} on {{Age Differences}} in {{Self-Reports}} of {{Mood}} and {{Personality}}},
  author = {Soubelet, Andrea and Salthouse, Timothy A.},
  date = {2011-08-01},
  journaltitle = {Journal of Personality},
  shortjournal = {Journal of Personality},
  volume = {79},
  number = {4},
  pages = {741--762},
  publisher = {{John Wiley \& Sons, Ltd}},
  issn = {0022-3506},
  doi = {10.1111/j.1467-6494.2011.00700.x},
  url = {https://doi.org/10.1111/j.1467-6494.2011.00700.x},
  urldate = {2021-08-25}
}

@incollection{spechtPersonalityDevelopmentAdulthood2017,
  title = {Personality Development in Adulthood and Old Age},
  booktitle = {Personality {{Development Across}} the {{Lifespan}}},
  author = {Specht, Jule},
  editor = {Specht, Jule},
  date = {2017-01-01},
  pages = {53--67},
  publisher = {{Academic Press}},
  doi = {10.1016/B978-0-12-804674-6.00005-3},
  url = {https://www.sciencedirect.com/science/article/pii/B9780128046746000053},
  isbn = {978-0-12-804674-6},
  keywords = {adulthood,Big Five personality traits,mean-level changes,meta-analyses,national representative large-scale panels,old age,personality types,rank-order consistency}
}

@article{spechtStabilityChangePersonality2011,
  title = {Stability and Change of Personality across the Life Course: {{The}} Impact of Age and Major Life Events on Mean-Level and Rank-Order Stability of the {{Big Five}}},
  author = {Specht, Jule and Egloff, Boris and Schmukle, Stefan C.},
  date = {2011},
  journaltitle = {Journal of Personality and Social Psychology},
  volume = {101},
  number = {4},
  pages = {862--882},
  issn = {0022-3514 1939-1315},
  doi = {10.1037/a0024950},
  keywords = {Adult Development,adulthood,age,Age Differences,Big Five,Emotional Stability,Five Factor Personality Model,life course,life events,Life Experiences,Life Span,personality change,Personality Change,personality development,Personality Development,stability}
}

@article{spechtWhatDrivesAdult2014,
  title = {What Drives Adult Personality Development? {{A}} Comparison of Theoretical Perspectives and Empirical Evidence},
  author = {Specht, Jule and Bleidorn, Wiebke and Denissen, Jaap J. A. and Hennecke, Marie and Hutteman, Roos and Kandler, Christian and Luhmann, Maike and Orth, Ulrich and Reitz, Anne K. and Zimmermann, Julia},
  date = {2014-05-01},
  journaltitle = {European Journal of Personality},
  volume = {28},
  number = {3},
  pages = {216--230},
  issn = {0890-2070},
  doi = {10.1002/per.1966},
  keywords = {adulthood,Big Five personality traits,personality development,theoretical perspectives}
}

@article{spikicDoesDivorceChange2021,
  title = {Does Divorce Change Your Personality? {{Examining}} the Effect of Divorce Occurrence on the {{Big Five}} Personality Traits Using Panel Surveys from Three Countries},
  author = {Spikic, Sascha and Mortelmans, Dimitri and Pasteels, Inge},
  date = {2021-03-01},
  journaltitle = {Personality and Individual Differences},
  shortjournal = {Personality and Individual Differences},
  volume = {171},
  pages = {110428},
  issn = {0191-8869},
  doi = {10.1016/j.paid.2020.110428},
  url = {https://www.sciencedirect.com/science/article/pii/S019188692030619X},
  keywords = {Big Five,Divorce,Latent difference score,Personality change,Social investment theory}
}

@article{springsteinSupportingRobustResearch2022,
  title = {Supporting Robust Research on Adult Emotional Development by Considering Context.},
  author = {Springstein, Tabea and Growney, Claire M. and English, Tammy},
  date = {2022},
  journaltitle = {Psychology and Aging},
  volume = {37},
  number = {1},
  pages = {97--110},
  publisher = {{American Psychological Association}},
  location = {{US}},
  issn = {1939-1498(Electronic),0882-7974(Print)},
  doi = {10.1037/pag0000669},
  keywords = {*Adult Development,*Aging,*Emotional Development,*Experimental Replication,*Sciences,Familiarity,Open Data,Theories}
}

@article{steelRefiningRelationshipPersonality2008,
  title = {Refining the Relationship between Personality and Subjective Well-Being.},
  author = {Steel, Piers and Schmidt, Joseph and Shultz, Jonas},
  date = {2008},
  journaltitle = {Psychological Bulletin},
  volume = {134},
  number = {1},
  pages = {138--161},
  publisher = {{American Psychological Association}},
  location = {{US}},
  issn = {1939-1455(Electronic),0033-2909(Print)},
  doi = {10.1037/0033-2909.134.1.138},
  keywords = {*Personality Measures,*Personality Traits,*Test Validity,Well Being}
}

@article{steenhofIntergenerationalTransmissionAge2008,
  title = {Intergenerational Transmission of Age at First Birth in the {{Netherlands}} for Birth Cohorts Born between 1935 and 1984: {{Evidence}} from Municipal Registers},
  author = {Steenhof, Liesbeth and Liefbroer, Aart C.},
  date = {2008-03-01},
  journaltitle = {Population Studies},
  shortjournal = {null},
  volume = {62},
  number = {1},
  pages = {69--84},
  publisher = {{Routledge}},
  issn = {0032-4728},
  doi = {10.1080/00324720701788616},
  url = {https://doi.org/10.1080/00324720701788616}
}

@article{steinerImportanceCovariateSelection2010,
  title = {The {{Importance}} of {{Covariate Selection}} in {{Controlling}} for {{Selection Bias}} in {{Observational Studies}}},
  author = {Steiner, Peter and Cook, Thomas and Shadish, William and Clark, M.},
  date = {2010-09-01},
  journaltitle = {Psychological methods},
  volume = {15},
  pages = {250--267},
  doi = {10.1037/a0018719}
}

@article{stelleGrandparenting21stCentury2010,
  title = {Grandparenting in the 21st {{Century}}: {{Issues}} of {{Diversity}} in {{Grandparent}}–{{Grandchild Relationships}}},
  author = {Stelle, Charlie and Fruhauf, Christine A. and Orel, Nancy and Landry-Meyer, Laura},
  date = {2010-10-28},
  journaltitle = {Journal of Gerontological Social Work},
  shortjournal = {null},
  volume = {53},
  number = {8},
  pages = {682--701},
  publisher = {{Routledge}},
  issn = {0163-4372},
  doi = {10.1080/01634372.2010.516804},
  url = {https://doi.org/10.1080/01634372.2010.516804}
}

@article{stephanPhysicalActivityPersonality2014,
  title = {Physical Activity and Personality Development across Adulthood and Old Age: {{Evidence}} from Two Longitudinal Studies},
  author = {Stephan, Yannick and Sutin, Angelina R. and Terracciano, Antonio},
  date = {2014-04-01},
  journaltitle = {Journal of Research in Personality},
  shortjournal = {Journal of Research in Personality},
  volume = {49},
  pages = {1--7},
  issn = {0092-6566},
  doi = {10.1016/j.jrp.2013.12.003},
  url = {https://www.sciencedirect.com/science/article/pii/S0092656613001487},
  keywords = {Normative development,Personality change,Physical activity,Stability}
}

@article{stgeorgeMenExperiencesGrandfatherhood2014,
  title = {Men's Experiences of Grandfatherhood: {{A}} Welcome Surprise.},
  author = {StGeorge, Jennifer M. and Fletcher, Richard J.},
  date = {2014},
  journaltitle = {The International Journal of Aging \& Human Development},
  volume = {78},
  number = {4},
  pages = {351--378},
  publisher = {{Baywood Publishing}},
  location = {{US}},
  issn = {1541-3535(Electronic),0091-4150(Print)},
  doi = {10.2190/AG.78.4.c},
  keywords = {*Family Relations,*Grandchildren,*Grandparents,*Human Males,*Life Experiences,Family,Involvement,Retirement}
}

@article{stuartMatchingMethodsCausal2010,
  title = {Matching Methods for Causal Inference: {{A}} Review and a Look Forward},
  author = {Stuart, Elizabeth A.},
  date = {2010},
  journaltitle = {Statistical Science: A Review Journal Of The Institute Of Mathematical Statistics},
  volume = {25},
  number = {1},
  pages = {1--21},
  issn = {0883-4237},
  doi = {10.1214/09-STS313}
}

@article{tanskanenDoesTransitionRetirement2021,
  title = {Does Transition to Retirement Promote Grandchild Care? {{Evidence}} from {{Europe}}},
  author = {Tanskanen, Antti O. and Danielsbacka, Mirkka and Hämäläinen, Hans and Solé-Auró, Aïda},
  date = {2021},
  journaltitle = {Frontiers in Psychology},
  shortjournal = {Frontiers in Psychology},
  volume = {12},
  issn = {1664-1078},
  url = {https://www.frontiersin.org/article/10.3389/fpsyg.2021.738117}
}

@article{tanskanenIntergenerationalRelationsOffspring2017,
  title = {Intergenerational Relations before and after Offspring Arrive: {{A}} within-Person Investigation},
  author = {Tanskanen, Antti O.},
  date = {2017-09-01},
  journaltitle = {Social Science Research},
  shortjournal = {Social Science Research},
  volume = {67},
  pages = {138--146},
  issn = {0049-089X},
  doi = {10.1016/j.ssresearch.2017.08.001},
  url = {https://www.sciencedirect.com/science/article/pii/S0049089X17301497},
  keywords = {Adult children,Entry into parenthood,Fixed-effect regression,Pairfam,Parents}
}

@article{tanskanenTransitionGrandparenthoodSubjective2019,
  title = {Transition to Grandparenthood and Subjective Well-Being in Older {{Europeans}}: {{A}} within-Person Investigation Using Longitudinal Data},
  author = {Tanskanen, Antti O. and Danielsbacka, Mirkka and Coall, David A. and Jokela, Markus},
  date = {2019-07-01},
  journaltitle = {Evolutionary Psychology},
  volume = {17},
  number = {3},
  pages = {1474704919875948},
  issn = {1474-7049},
  doi = {10.1177/1474704919875948}
}

@article{thieleNatureDimensionsGrandparent2006,
  title = {The Nature and Dimensions of the Grandparent Role},
  author = {Thiele, Dianne M. and Whelan, Thomas A.},
  date = {2006-10-11},
  journaltitle = {Marriage \& Family Review},
  volume = {40},
  number = {1},
  pages = {93--108},
  issn = {0149-4929},
  doi = {10.1300/J002v40n01_06}
}

@article{thoemmesPrimerInverseProbability2016,
  title = {A {{Primer}} on {{Inverse Probability}} of {{Treatment Weighting}} and {{Marginal Structural Models}}},
  author = {Thoemmes, Felix and Ong, Anthony D.},
  date = {2016-02-01},
  journaltitle = {Emerging Adulthood},
  shortjournal = {Emerging Adulthood},
  volume = {4},
  number = {1},
  pages = {40--59},
  publisher = {{SAGE Publications Inc}},
  issn = {2167-6968},
  doi = {10.1177/2167696815621645},
  url = {https://doi.org/10.1177/2167696815621645},
  urldate = {2021-07-23}
}

@article{thoemmesSystematicReviewPropensity2011,
  title = {A {{Systematic Review}} of {{Propensity Score Methods}} in the {{Social Sciences}}},
  author = {Thoemmes, Felix J. and Kim, Eun Sook},
  date = {2011-02-07},
  journaltitle = {Multivariate Behavioral Research},
  shortjournal = {null},
  volume = {46},
  number = {1},
  pages = {90--118},
  publisher = {{Routledge}},
  issn = {0027-3171},
  doi = {10.1080/00273171.2011.540475},
  url = {https://doi.org/10.1080/00273171.2011.540475}
}

@article{tidyverse2019,
  title = {Welcome to the {{tidyverse}}},
  author = {Wickham, Hadley and Averick, Mara and Bryan, Jennifer and Chang, Winston and McGowan, Lucy D'Agostino and François, Romain and Grolemund, Garrett and Hayes, Alex and Henry, Lionel and Hester, Jim and Kuhn, Max and Pedersen, Thomas Lin and Miller, Evan and Bache, Stephan Milton and Müller, Kirill and Ooms, Jeroen and Robinson, David and Seidel, Dana Paige and Spinu, Vitalie and Takahashi, Kohske and Vaughan, Davis and Wilke, Claus and Woo, Kara and Yutani, Hiroaki},
  date = {2019},
  journaltitle = {Journal of Open Source Software},
  volume = {4},
  number = {43},
  pages = {1686},
  doi = {10.21105/joss.01686}
}

@article{tongChildrenAcademicPerformance2021,
  title = {Is {{Children}}’s {{Academic Performance Valuable}} to {{Parents}}? {{Linking Children}}’s {{Effort Vs}}. {{Results}} and {{Fathers}}’ {{Vs}}. {{Mothers}}’ {{Subjective Well-Being}}},
  author = {Tong, Yuying and Li, Jenny Xin and Shu, Binbin},
  date = {2021-04-01},
  journaltitle = {Child Indicators Research},
  shortjournal = {Child Indicators Research},
  volume = {14},
  number = {2},
  pages = {583--605},
  issn = {1874-8988},
  doi = {10.1007/s12187-020-09763-3},
  url = {https://doi.org/10.1007/s12187-020-09763-3}
}

@article{triadoGrandparentsWhoProvide2014,
  title = {Grandparents {{Who Provide Auxiliary Care}} for {{Their Grandchildren}}: {{Satisfaction}}, {{Difficulties}}, and {{Impact}} on {{Their Health}} and {{Well-being}}},
  author = {Triadó, Carme and Villar, Feliciano and Celdrán, Montserrat and Solé, Carme},
  date = {2014-04-03},
  journaltitle = {Journal of Intergenerational Relationships},
  volume = {12},
  number = {2},
  pages = {113--127},
  issn = {1535-0770},
  doi = {10.1080/15350770.2014.901102}
}

@article{turianoHealthyNeuroticismAssociated2020,
  title = {Is {{Healthy Neuroticism Associated}} with {{Longevity}}? {{A Coordinated Integrative Data Analysis}}},
  author = {Turiano, Nicholas A. and Graham, Eileen K. and Weston, Sara J. and Booth, Tom and Harrison, Fleur and James, Bryan D. and Lewis, Nathan A. and Makkar, Steven R. and Mueller, Swantje and Wisniewski, Kristi M. and Zhaoyang, Ruixue and Spiro, Avron and Willis, Sherry and Schaie, K. Warner and Lipton, Richard B. and Katz, Mindy and Sliwinski, Martin and Deary, Ian J. and Zelinski, Elizabeth M. and Bennett, David A. and Sachdev, Perminder S. and Brodaty, Henry and Trollor, Julian N. and Ames, David and Wright, Margaret J. and Gerstorf, Denis and Muniz-Terrera, Graciela and Piccinin, Andrea M. and Hofer, Scott M. and Mroczek, Daniel K.},
  editor = {Donnellan, M. Brent and Donnellan, M. Brent},
  date = {2020-07-21},
  journaltitle = {Collabra: Psychology},
  shortjournal = {Collabra: Psychology},
  volume = {6},
  number = {33},
  issn = {2474-7394},
  doi = {10.1525/collabra.268},
  url = {https://doi.org/10.1525/collabra.268},
  urldate = {2021-04-02}
}

@article{turianoPersonalityTraitLevel2012,
  title = {Personality {{Trait Level}} and {{Change}} as {{Predictors}} of {{Health Outcomes}}: {{Findings From}} a {{National Study}} of {{Americans}} ({{MIDUS}})},
  author = {Turiano, Nicholas A. and Pitzer, Lindsay and Armour, Cherie and Karlamangla, Arun and Ryff, Carol D. and Mroczek, Daniel K.},
  date = {2012-01-01},
  journaltitle = {The Journals of Gerontology: Series B},
  shortjournal = {The Journals of Gerontology: Series B},
  volume = {67B},
  number = {1},
  pages = {4--12},
  issn = {1079-5014},
  doi = {10.1093/geronb/gbr072},
  url = {https://doi.org/10.1093/geronb/gbr072},
  urldate = {2021-04-02}
}

@book{vanderlaanRepresentativityLISSPanel2009,
  title = {Representativity of the {{LISS}} Panel ({{Discussion Paper}} 09041)},
  author = {family=Laan, given=Jan, prefix=van der, useprefix=true},
  date = {2009},
  publisher = {{Statistics Netherlands}},
  location = {{The Hague/Heerlen, the Netherlands}},
  url = {https://www.cbs.nl/-/media/imported/documents/2009/40/2009-41-x10-pub.pdf}
}

@article{vanderweeleCanSophisticatedStudy2021,
  title = {Can {{Sophisticated Study Designs With Regression Analyses}} of {{Observational Data Provide Causal Inferences}}?},
  author = {VanderWeele, Tyler J.},
  date = {2021-03-01},
  journaltitle = {JAMA Psychiatry},
  shortjournal = {JAMA Psychiatry},
  volume = {78},
  number = {3},
  pages = {244--246},
  issn = {2168-622X},
  doi = {10.1001/jamapsychiatry.2020.2588},
  url = {https://doi.org/10.1001/jamapsychiatry.2020.2588},
  urldate = {2021-03-19}
}

@article{vanderweeleCausalInferenceLongitudinal2016,
  title = {Causal Inference and Longitudinal Data: A Case Study of Religion and Mental Health},
  author = {VanderWeele, Tyler J. and Jackson, John and Li, Shanshan},
  date = {2016-11-01},
  journaltitle = {Social Psychiatry and Psychiatric Epidemiology},
  shortjournal = {Social Psychiatry and Psychiatric Epidemiology},
  volume = {51},
  pages = {1--10},
  doi = {10.1007/s00127-016-1281-9}
}

@article{vanderweeleNewCriterionConfounder2011,
  title = {A {{New Criterion}} for {{Confounder Selection}}},
  author = {VanderWeele, Tyler J. and Shpitser, Ilya},
  date = {2011-12-01},
  journaltitle = {Biometrics},
  shortjournal = {Biometrics},
  volume = {67},
  number = {4},
  pages = {1406--1413},
  publisher = {{John Wiley \& Sons, Ltd}},
  issn = {0006-341X},
  doi = {10.1111/j.1541-0420.2011.01619.x},
  url = {https://doi.org/10.1111/j.1541-0420.2011.01619.x},
  urldate = {2021-03-19},
  keywords = {Causal inference,Confounding,Covariate selection,Directed acyclic graphs}
}

@article{vanderweeleOutcomewideLongitudinalDesigns2020,
  title = {Outcome-Wide Longitudinal Designs for Causal Inference: {{A}} New Template for Empirical Studies},
  author = {VanderWeele, Tyler J. and Mathur, Maya B. and Chen, Ying},
  date = {2020-08-01},
  journaltitle = {Statistical Science},
  shortjournal = {Statistical Science},
  volume = {35},
  number = {3},
  pages = {437--466},
  doi = {10.1214/19-STS728},
  url = {https://doi.org/10.1214/19-STS728}
}

@article{vanderweelePrinciplesConfounderSelection2019,
  title = {Principles of Confounder Selection},
  author = {VanderWeele, Tyler J.},
  date = {2019-03-01},
  journaltitle = {European Journal of Epidemiology},
  volume = {34},
  number = {3},
  pages = {211--219},
  issn = {1573-7284},
  doi = {10.1007/s10654-019-00494-6}
}

@article{vanroodeLifeCourseRelationshipSocioeconomic2017,
  title = {Life-{{Course Relationship}} between {{Socioeconomic Circumstances}} and {{Timing}} of {{First Birth}} in a {{Birth Cohort}}},
  author = {family=Roode, given=Thea, prefix=van, useprefix=true and Sharples, Katrina and Dickson, Nigel and Paul, Charlotte},
  date = {2017-01-13},
  journaltitle = {PLOS ONE},
  shortjournal = {PLOS ONE},
  volume = {12},
  number = {1},
  pages = {e0170170},
  publisher = {{Public Library of Science}},
  doi = {10.1371/journal.pone.0170170},
  url = {https://doi.org/10.1371/journal.pone.0170170}
}

@article{vanscheppingenLongitudinalActorPartner2019,
  title = {Longitudinal Actor, Partner, and Similarity Effects of Personality on Well-Being},
  author = {family=Scheppingen, given=Manon A., prefix=van, useprefix=true and Chopik, William J. and Bleidorn, Wiebke and Denissen, Jaap J. A.},
  date = {2019},
  journaltitle = {Journal of Personality and Social Psychology},
  volume = {117},
  number = {4},
  pages = {e51-e70},
  issn = {1939-1315(Electronic),0022-3514(Print)},
  doi = {10.1037/pspp0000211},
  keywords = {*Couples,*Interpersonal Relationships,*Personality,*Romance,*Well Being,Longitudinal Studies,Neuroticism,Test Construction}
}

@article{vanscheppingenPersonalityTraitDevelopment2016,
  title = {Personality Trait Development during the Transition to Parenthood: {{A}} Test of Social Investment Theory},
  author = {family=Scheppingen, given=Manon A., prefix=van, useprefix=true and Jackson, Joshua J. and Specht, Jule and Hutteman, Roos and Denissen, Jaap J. A. and Bleidorn, Wiebke},
  date = {2016-07-01},
  journaltitle = {Social Psychological and Personality Science},
  volume = {7},
  number = {5},
  pages = {452--462},
  issn = {1948-5506},
  doi = {10.1177/1948550616630032}
}

@article{vanscheppingenTrajectoriesLifeSatisfaction2020,
  title = {Trajectories of Life Satisfaction before, upon, and after Divorce: {{Evidence}} from a New Matching Approach.},
  author = {family=Scheppingen, given=Manon A., prefix=van, useprefix=true and Leopold, Thomas},
  date = {2020},
  journaltitle = {Journal of Personality and Social Psychology},
  volume = {119},
  number = {6},
  pages = {1444--1458},
  publisher = {{American Psychological Association}},
  location = {{US}},
  issn = {1939-1315(Electronic),0022-3514(Print)},
  doi = {10.1037/pspp0000270},
  keywords = {*Adaptation,*Divorce,*Divorced Persons,*Life Satisfaction,Individual Differences,Life Changes,Marriage,Models,Test Construction}
}

@article{vansteelandtCommentPotentialMisuse2020,
  title = {Comment: {{On}} the {{Potential}} for {{Misuse}} of {{Outcome-Wide Study Designs}}, and {{Ways}} to {{Prevent It}}},
  author = {Vansteelandt, Stijn and Dukes, Oliver},
  date = {2020},
  journaltitle = {Statistical Science},
  shortjournal = {Statistical Science},
  volume = {35},
  number = {3},
  pages = {467--471},
  publisher = {{Institute of Mathematical Statistics}},
  issn = {0883-4237}
}

@article{vermoteImpactNonresidentialGrandchild2021a,
  title = {The Impact of Non-Residential Grandchild Care on Physical Activity and Sedentary Behavior in People Aged 50 Years and over: Study Protocol of the {{Healthy Grandparenting Project}}},
  author = {Vermote, Marie and Deliens, Tom and Deforche, Benedicte and D'Hondt, Eva},
  date = {2021-01-06},
  journaltitle = {BMC Public Health},
  shortjournal = {BMC Public Health},
  volume = {21},
  doi = {10.1186/s12889-020-10024-9}
}

@article{wagnerDoesPersonalityBecome2019,
  title = {Does Personality Become More Stable with Age? {{Disentangling}} State and Trait Effects for the Big Five across the Life Span Using Local Structural Equation Modeling.},
  author = {Wagner, Jenny and Lüdtke, Oliver and Robitzsch, Alexander},
  date = {2019},
  journaltitle = {Journal of Personality and Social Psychology},
  volume = {116},
  number = {4},
  pages = {666--680},
  publisher = {{American Psychological Association}},
  location = {{US}},
  issn = {1939-1315(Electronic),0022-3514(Print)},
  doi = {10.1037/pspp0000203},
  keywords = {*Age Differences,*Five Factor Personality Model,*Individual Differences,*Life Span,*Personality,Personality Measures,Personality Traits,Structural Equation Modeling}
}

@article{wagnerFirstPartnershipExperience2015,
  title = {The First Partnership Experience and Personality Development: {{A}} Propensity Score Matching Study in Young Adulthood},
  author = {Wagner, Jenny and Becker, Michael and Lüdtke, Oliver and Trautwein, Ulrich},
  date = {2015-05-01},
  journaltitle = {Social Psychological and Personality Science},
  volume = {6},
  number = {4},
  pages = {455--463},
  issn = {1948-5506},
  doi = {10.1177/1948550614566092}
}

@article{wagnerIntegrativeModelSources2020,
  title = {Toward an Integrative Model of Sources of Personality Stability and Change},
  author = {Wagner, Jenny and Orth, Ulrich and Bleidorn, Wiebke and Hopwood, Christopher J. and Kandler, Christian},
  date = {2020-07-22},
  journaltitle = {Current Directions in Psychological Science},
  shortjournal = {Curr Dir Psychol Sci},
  volume = {29},
  number = {5},
  pages = {438--444},
  publisher = {{SAGE Publications Inc}},
  issn = {0963-7214},
  doi = {10.1177/0963721420924751},
  url = {https://doi.org/10.1177/0963721420924751},
  urldate = {2021-03-29}
}

@article{wagnerPersonalityTraitDevelopment2016,
  title = {Personality Trait Development at the End of Life: {{Antecedents}} and Correlates of Mean-Level Trajectories.},
  author = {Wagner, Jenny and Ram, Nilam and Smith, Jacqui and Gerstorf, Denis},
  date = {2016},
  journaltitle = {Journal of Personality and Social Psychology},
  volume = {111},
  number = {3},
  pages = {411--429},
  publisher = {{American Psychological Association}},
  location = {{US}},
  issn = {1939-1315(Electronic),0022-3514(Print)},
  doi = {10.1037/pspp0000071},
  keywords = {*Aging,*Chronological Age,*Individual Differences,*Personality Development,*Personality Traits,Older Adulthood,Risk Factors}
}

@article{waltersPowerDetectPredict2018,
  title = {The {{Power}} to {{Detect}} and {{Predict Individual Differences}} in {{Intra-Individual Variability Using}} the {{Mixed-Effects Location-Scale Model}}},
  author = {Walters, Ryan W. and Hoffman, Lesa and Templin, Jonathan},
  date = {2018-05-04},
  journaltitle = {Multivariate Behavioral Research},
  shortjournal = {null},
  volume = {53},
  number = {3},
  pages = {360--374},
  publisher = {{Routledge}},
  issn = {0027-3171},
  doi = {10.1080/00273171.2018.1449628},
  url = {https://doi.org/10.1080/00273171.2018.1449628}
}

@article{wangImplicationsProvidingGrandchild2020,
  title = {The {{Implications}} of {{Providing Grandchild Care}} for {{Grandparents}}’ {{Marital Quality}}},
  author = {Wang, Shuangshuang and Mutchler, Jan E.},
  date = {2020-12-01},
  journaltitle = {Journal of Family Issues},
  shortjournal = {Journal of Family Issues},
  volume = {41},
  number = {12},
  pages = {2476--2501},
  publisher = {{SAGE Publications Inc}},
  issn = {0192-513X},
  doi = {10.1177/0192513X20934845},
  url = {https://doi.org/10.1177/0192513X20934845},
  urldate = {2022-02-01}
}

@article{wattsIntraIndividualVariabilityPhysical2016,
  title = {Intra-{{Individual Variability}} of {{Physical Activity}} in {{Older Adults With}} and {{Without Mild Alzheimer}}’s {{Disease}}},
  author = {Watts, Amber and Walters, Ryan W. and Hoffman, Lesa and Templin, Jonathan},
  date = {2016-04-20},
  journaltitle = {PLOS ONE},
  shortjournal = {PLOS ONE},
  volume = {11},
  number = {4},
  pages = {e0153898},
  publisher = {{Public Library of Science}},
  doi = {10.1371/journal.pone.0153898},
  url = {https://doi.org/10.1371/journal.pone.0153898}
}

@article{weisbergGenderDifferencesPersonality2011,
  title = {Gender {{Differences}} in {{Personality}} across the {{Ten Aspects}} of the {{Big Five}}},
  author = {Weisberg, Yanna and DeYoung, Colin and Hirsh, Jacob},
  date = {2011},
  journaltitle = {Frontiers in Psychology},
  shortjournal = {Frontiers in Psychology},
  volume = {2},
  pages = {178},
  issn = {1664-1078},
  doi = {10.3389/fpsyg.2011.00178},
  url = {https://www.frontiersin.org/article/10.3389/fpsyg.2011.00178}
}

@article{westonRecommendationsIncreasingTransparency2019,
  title = {Recommendations for Increasing the Transparency of Analysis of Preexisting Data Sets},
  author = {Weston, Sara J. and Ritchie, Stuart J. and Rohrer, Julia M. and Przybylski, Andrew K.},
  date = {2019-09-01},
  journaltitle = {Advances in Methods and Practices in Psychological Science},
  volume = {2},
  number = {3},
  pages = {214--227},
  issn = {2515-2459},
  doi = {10.1177/2515245919848684}
}

@article{witmanComparisonGroupSelection2019,
  title = {Comparison Group Selection in the Presence of Rolling Entry for Health Services Research: {{Rolling}} Entry Matching},
  author = {Witman, Allison and Beadles, Christopher and Liu, Yiyan and Larsen, Ann and Kafali, Nilay and Gandhi, Sabina and Amico, Peter and Hoerger, Thomas},
  date = {2019-04-01},
  journaltitle = {Health Services Research},
  volume = {54},
  number = {2},
  pages = {492--501},
  issn = {0017-9124},
  doi = {10.1111/1475-6773.13086},
  keywords = {causal inference,comparison groups,matching,methods,propensity scores}
}

@article{wortmanStabilityChangeBig2012,
  title = {Stability and Change in the {{Big Five}} Personality Domains: {{Evidence}} from a Longitudinal Study of {{Australians}}.},
  author = {Wortman, Jessica and Lucas, Richard E. and Donnellan, M. Brent},
  date = {2012},
  journaltitle = {Psychology and Aging},
  volume = {27},
  number = {4},
  pages = {867--874},
  publisher = {{American Psychological Association}},
  location = {{US}},
  issn = {1939-1498(Electronic),0882-7974(Print)},
  doi = {10.1037/a0029322},
  keywords = {*Five Factor Personality Model,*Personality Development,Personality Traits}
}

@article{wrzusProcessesPersonalityDevelopment2017,
  title = {Processes of Personality Development in Adulthood: {{The TESSERA}} Framework},
  author = {Wrzus, Cornelia and Roberts, Brent W.},
  date = {2017-06-02},
  journaltitle = {Personality and Social Psychology Review},
  volume = {21},
  number = {3},
  pages = {253--277},
  doi = {10.1177/1088868316652279}
}

@article{xuGrandparentCaregivingPsychological2017,
  title = {Grandparent {{Caregiving}} and {{Psychological Well-Being Among Chinese American Older Adults}}—{{The Roles}} of {{Caregiving Burden}} and {{Pressure}}},
  author = {Xu, Ling and Tang, Fengyan and Li, Lydia W. and Dong, Xin Qi},
  date = {2017-07-01},
  journaltitle = {The Journals of Gerontology: Series A},
  shortjournal = {The Journals of Gerontology: Series A},
  volume = {72},
  pages = {S56-S62},
  issn = {1079-5006},
  doi = {10.1093/gerona/glw186},
  url = {https://doi.org/10.1093/gerona/glw186},
  urldate = {2022-01-31},
  issue = {suppl\_1}
}

@article{yahirunStepgrandparenthoodUnitedStates2018,
  title = {Step-Grandparenthood in the {{United States}}},
  author = {Yahirun, Jenjira J and Park, Sung S and Seltzer, Judith A},
  date = {2018-08-14},
  journaltitle = {The Journals of Gerontology: Series B},
  shortjournal = {The Journals of Gerontology: Series B},
  volume = {73},
  number = {6},
  pages = {1055--1065},
  issn = {1079-5014},
  doi = {10.1093/geronb/gbx164},
  url = {https://doi.org/10.1093/geronb/gbx164},
  urldate = {2021-03-12}
}

@article{yamamuraEffectGrandchildrenHappiness2021,
  title = {The {{Effect}} of {{Grandchildren}} on the {{Happiness}} of {{Grandparents}}: {{Does}} the {{Grandparent}}'s {{Child}}'s {{Gender Matter}}?},
  author = {Yamamura, Eiji and Brunello, Giorgio},
  date = {2021},
  journaltitle = {IZA Discussion Papers},
  shortjournal = {IZA Discussion Papers},
  volume = {14081},
  publisher = {{Institute of Labor Economics (IZA)}},
  url = {https://ssrn.com/abstract=3775986}
}

@article{yangMultilevelAnalysisImpact2021,
  title = {A Multilevel Analysis of the Impact of Transitioning to Grandparenthood on Individuals’ Depression in {{England}}, {{Europe}} and {{China}}},
  author = {Yang, Yazhen},
  date = {2021-08-25},
  journaltitle = {Aging \& Mental Health},
  shortjournal = {null},
  pages = {1--9},
  publisher = {{Routledge}},
  issn = {1360-7863},
  doi = {10.1080/13607863.2021.1963952},
  url = {https://doi.org/10.1080/13607863.2021.1963952}
}

@article{yapDoesPersonalityModerate2012,
  title = {Does Personality Moderate Reaction and Adaptation to Major Life Events? {{Evidence}} from the {{British Household Panel Survey}}},
  author = {Yap, Stevie and Anusic, Ivana and Lucas, Richard E.},
  date = {2012},
  journaltitle = {Journal of Research in Personality},
  volume = {46},
  number = {5},
  pages = {477--488},
  issn = {0092-6566},
  doi = {10.1016/j.jrp.2012.05.005},
  keywords = {Adaptation,British Household Panel Survey,Household Management,life events,Life Experiences,life satisfaction,personality moderate adaptation,personality moderate reactions,Personality Traits}
}

@article{zhangEducationalRacialGender2017,
  title = {The Educational, Racial and Gender Crossovers in Life Satisfaction: {{Findings}} from the Longitudinal {{Health}} and {{Retirement Study}}},
  author = {Zhang, Wei and Braun, Kathryn L and Wu, Yan Yan},
  date = {2017-11},
  journaltitle = {Archives of gerontology and geriatrics},
  shortjournal = {Arch Gerontol Geriatr},
  edition = {2017/07/26},
  volume = {73},
  eprint = {28779590},
  eprinttype = {pubmed},
  pages = {60--68},
  issn = {1872-6976},
  doi = {10.1016/j.archger.2017.07.014},
  url = {https://pubmed.ncbi.nlm.nih.gov/28779590},
  langid = {english},
  keywords = {*Educational Status,*Personal Satisfaction,*Quality of Life,*Retirement,*Sex Factors,Adult,African Americans/psychology,Aged,Cross-Over Studies,Education,Ethnicity/*psychology/statistics & numerical data,Female,Gender interaction,Health Status Disparities,Hispanic or Latino/psychology,Humans,Longitudinal analysis,Longitudinal Studies,Male,Middle Aged,Older adults,Subjective well-being,United States,Whites/psychology}
}

@article{zhangReligiousAffiliationReligiosity2008,
  title = {Religious Affiliation, Religiosity, and Male and Female Fertility},
  author = {Zhang, Li},
  date = {2008},
  journaltitle = {Demographic Research},
  volume = {18},
  pages = {233--262},
  publisher = {{Max-Planck-Gesellschaft zur Foerderung der Wissenschaften}},
  issn = {14359871, 23637064},
  doi = {10.4054/DemRes.2008.18.8}
}
